<record><header><identifier>oai:alma.41SLSP_UGE:991000781469705502</identifier><datestamp>2023-03-01T01:10:14Z</datestamp><setSpec>uge_bcen_RapidILL_BOOK</setSpec><setSpec>uge_aaca_RapidILL_BOOK</setSpec><setSpec>uge_abels_RapidILL_BOOK</setSpec><setSpec>uge_dbu_RapidILL_BOOK</setSpec><setSpec>uge_cmu_RapidILL_BOOK</setSpec><setSpec>uge_mail_RapidILL_BOOK</setSpec><setSpec>UNIGE_ALL</setSpec><setSpec>uge_abbat_RapidILL_BOOK</setSpec><setSpec>uge_acar_RapidILL_BOOK</setSpec><setSpec>uge_aobs_RapidILL_BOOK</setSpec></header><metadata>
<record xmlns="http://www.loc.gov/MARC21/slim" xmlns:xsi="http://www.w3.org/2001/XMLSchema-instance" xsi:schemaLocation="http://www.loc.gov/MARC21/slim http://www.loc.gov/standards/marcxml/schema/MARC21slim.xsd"><leader>01107naa a2200265 c 4500</leader><controlfield tag="001">991000781469705502</controlfield><controlfield tag="005">20230203201800.0</controlfield><controlfield tag="008">960525s1983    fr ||||| |||| 00| ||fre d</controlfield><datafield ind1=" " ind2=" " tag="035"><subfield code="a">(swissbib)079123759-41slsp_network</subfield></datafield><datafield ind1=" " ind2=" " tag="035"><subfield code="a">079123759</subfield><subfield code="9">ExL</subfield></datafield><datafield ind1=" " ind2=" " tag="035"><subfield code="a">(RERO)0454752-41slsp</subfield></datafield><datafield ind1=" " ind2=" " tag="035"><subfield code="a">(EXLNZ-41SLSP_NETWORK)991062228759705501</subfield></datafield><datafield ind1=" " ind2=" " tag="040"><subfield code="a">RERO</subfield><subfield code="d">CH-ZuSLS</subfield></datafield><datafield ind1=" " ind2="7" tag="072"><subfield code="a">se</subfield><subfield code="2">rero</subfield></datafield><datafield ind1="1" ind2=" " tag="100"><subfield code="a">Sábato, Jorge F.</subfield><subfield code="0">(IDREF)076379310</subfield><subfield code="4">cre</subfield></datafield><datafield ind1="1" ind2="0" tag="245"><subfield code="a">Stagnation et progrès de l'agriculture argentine</subfield><subfield code="b">le problème de la pampa</subfield><subfield code="c">Jorge Federico Sábato</subfield></datafield><datafield ind1=" " ind2=" " tag="336"><subfield code="b">txt</subfield><subfield code="2">rdacontent</subfield></datafield><datafield ind1=" " ind2=" " tag="337"><subfield code="b">n</subfield><subfield code="2">rdamedia</subfield></datafield><datafield ind1=" " ind2=" " tag="338"><subfield code="b">nc</subfield><subfield code="2">rdacarrier</subfield></datafield><datafield ind1=" " ind2=" " tag="580"><subfield code="a">In: Notes et études documentaires ; no 4717-4718, 1983, p. 79-101. In: Problèmes d'Amérique latine ; 1983, no 68, p. 79-101</subfield></datafield><datafield ind1=" " ind2="7" tag="650"><subfield code="a">Agriculture</subfield><subfield code="0">(IDREF)027269892</subfield><subfield code="2">idref</subfield></datafield><datafield ind1=" " ind2="7" tag="650"><subfield code="a">pampa</subfield><subfield code="0">(RERO)A010127551</subfield><subfield code="2">rerovoc</subfield></datafield><datafield ind1=" " ind2="7" tag="651"><subfield code="a">Argentine</subfield><subfield code="0">(IDREF)027219909</subfield><subfield code="2">idref</subfield></datafield><datafield ind1="0" ind2=" " tag="773"><subfield code="t">Problèmes d'Amérique latine. Documentation française</subfield><subfield code="g">68/79</subfield><subfield code="w">(RERO)0398367-41slsp</subfield></datafield><datafield ind1="0" ind2=" " tag="773"><subfield code="t">Notes et études documentaires</subfield><subfield code="g">no 4717-4718, 1983, p. 79-101</subfield><subfield code="w">(RERO)0063014-41slsp</subfield></datafield><datafield ind1=" " ind2=" " tag="900"><subfield code="a">REROnoselfmerge</subfield></datafield></record>
</metadata></record>