<record><header><identifier>oai:alma.41SLSP_UGE:991000781789705502</identifier><datestamp>2023-03-01T01:10:14Z</datestamp><setSpec>uge_bcen_RapidILL_BOOK</setSpec><setSpec>uge_aaca_RapidILL_BOOK</setSpec><setSpec>uge_abels_RapidILL_BOOK</setSpec><setSpec>uge_dbu_RapidILL_BOOK</setSpec><setSpec>uge_cmu_RapidILL_BOOK</setSpec><setSpec>uge_mail_RapidILL_BOOK</setSpec><setSpec>UNIGE_ALL</setSpec><setSpec>uge_abbat_RapidILL_BOOK</setSpec><setSpec>uge_aobs_RapidILL_BOOK</setSpec><setSpec>uge_acar_RapidILL_BOOK</setSpec></header><metadata>
<record xmlns="http://www.loc.gov/MARC21/slim" xmlns:xsi="http://www.w3.org/2001/XMLSchema-instance" xsi:schemaLocation="http://www.loc.gov/MARC21/slim http://www.loc.gov/standards/marcxml/schema/MARC21slim.xsd"><leader>01137nam a2200289 c 4500</leader><controlfield tag="001">991000781789705502</controlfield><controlfield tag="005">20201230204410.0</controlfield><controlfield tag="008">201011m19661970fr ||||| |||| 00| ||fre d</controlfield><datafield ind1=" " ind2=" " tag="035"><subfield code="a">(swissbib)22406228X-41slsp_network</subfield></datafield><datafield ind1=" " ind2=" " tag="035"><subfield code="a">22406228X</subfield><subfield code="9">ExL</subfield></datafield><datafield ind1=" " ind2=" " tag="035"><subfield code="a">(RERO)0678876-41slsp</subfield></datafield><datafield ind1=" " ind2=" " tag="035"><subfield code="a">(NEBIS)009212973EBI01</subfield></datafield><datafield ind1=" " ind2=" " tag="035"><subfield code="a">(EXLNZ-41SLSP_NETWORK)991013409459705501</subfield></datafield><datafield ind1=" " ind2=" " tag="040"><subfield code="a">RERO geulfr</subfield><subfield code="d">CH-ZuSLS</subfield></datafield><datafield ind1=" " ind2="7" tag="072"><subfield code="a">fr</subfield><subfield code="2">rero</subfield></datafield><datafield ind1="1" ind2=" " tag="100"><subfield code="6">880-01</subfield><subfield code="a">Zola, Émile</subfield><subfield code="d">1840-1902</subfield><subfield code="0">(IDREF)027204332</subfield><subfield code="4">cre</subfield></datafield><datafield ind1="1" ind2=" " tag="880"><subfield code="a">Zola, Émile</subfield><subfield code="d">1840-1902</subfield><subfield code="0">(DE-588)118637223</subfield><subfield code="6">100-01</subfield></datafield><datafield ind1="1" ind2="0" tag="240"><subfield code="a">Werke</subfield></datafield><datafield ind1="1" ind2="0" tag="245"><subfield code="a">Oeuvres complètes</subfield><subfield code="c">Emile Zola ; éd. établie sous la dir. de Henri Mitterand</subfield></datafield><datafield ind1=" " ind2="1" tag="264"><subfield code="a">Paris</subfield><subfield code="b">Cercle du livre précieux</subfield><subfield code="c">1966-1970</subfield></datafield><datafield ind1=" " ind2=" " tag="300"><subfield code="a">15 vol.</subfield><subfield code="b">ill.</subfield><subfield code="c">22 cm</subfield><subfield code="e">Livre d'or Zola</subfield></datafield><datafield ind1=" " ind2=" " tag="336"><subfield code="b">txt</subfield><subfield code="2">rdacontent</subfield></datafield><datafield ind1=" " ind2=" " tag="337"><subfield code="b">n</subfield><subfield code="2">rdamedia</subfield></datafield><datafield ind1=" " ind2=" " tag="338"><subfield code="b">nc</subfield><subfield code="2">rdacarrier</subfield></datafield><datafield ind1=" " ind2=" " tag="500"><subfield code="a">Le livre d'or contient: Index des personnages des &quot;Rougon-Macquart&quot;. Chronologie par Henri Mitterand. Fac-simile du manuscrit de &quot;J'accuse...</subfield></datafield><datafield ind1=" " ind2="7" tag="650"><subfield code="a">Gesamtausgabe</subfield><subfield code="0">(DE-588)4156916-7</subfield><subfield code="2">gnd</subfield></datafield><datafield ind1="1" ind2=" " tag="700"><subfield code="a">Mitterand, Henri</subfield><subfield code="d">1928-2021</subfield><subfield code="0">(IDREF)027032299</subfield></datafield><datafield ind1=" " ind2=" " tag="900"><subfield code="a">REROnoselfmerge</subfield></datafield></record>
</metadata></record>