<record><header><identifier>oai:alma.41SLSP_UGE:991000781459705502</identifier><datestamp>2023-03-01T01:10:14Z</datestamp><setSpec>uge_bcen_RapidILL_BOOK</setSpec><setSpec>uge_aaca_RapidILL_BOOK</setSpec><setSpec>uge_abels_RapidILL_BOOK</setSpec><setSpec>uge_dbu_RapidILL_BOOK</setSpec><setSpec>uge_cmu_RapidILL_BOOK</setSpec><setSpec>uge_mail_RapidILL_BOOK</setSpec><setSpec>UNIGE_ALL</setSpec><setSpec>uge_abbat_RapidILL_BOOK</setSpec><setSpec>uge_aobs_RapidILL_BOOK</setSpec><setSpec>uge_acar_RapidILL_BOOK</setSpec></header><metadata>
<record xmlns="http://www.loc.gov/MARC21/slim" xmlns:xsi="http://www.w3.org/2001/XMLSchema-instance" xsi:schemaLocation="http://www.loc.gov/MARC21/slim http://www.loc.gov/standards/marcxml/schema/MARC21slim.xsd"><leader>01214naa a2200229 c 4500</leader><controlfield tag="001">991000781459705502</controlfield><controlfield tag="005">20201227172159.0</controlfield><controlfield tag="008">190220s1918    sz ||||| |||| 00| ||ger d</controlfield><datafield ind1=" " ind2=" " tag="035"><subfield code="a">(swissbib)125486391-41slsp_network</subfield></datafield><datafield ind1=" " ind2=" " tag="035"><subfield code="a">125486391</subfield><subfield code="9">ExL</subfield></datafield><datafield ind1=" " ind2=" " tag="035"><subfield code="a">(RERO)R008898132-41slsp</subfield></datafield><datafield ind1=" " ind2=" " tag="035"><subfield code="a">(EXLNZ-41SLSP_NETWORK)991153395059705501</subfield></datafield><datafield ind1=" " ind2=" " tag="040"><subfield code="a">RERO geubfd</subfield><subfield code="d">CH-ZuSLS</subfield></datafield><datafield ind1=" " ind2=" " tag="044"><subfield code="a">sz</subfield><subfield code="c">ch-bs</subfield></datafield><datafield ind1=" " ind2="7" tag="072"><subfield code="a">dr</subfield><subfield code="2">rero</subfield></datafield><datafield ind1="0" ind2="0" tag="245"><subfield code="a">Protokoll der 53. Jahresversammlung des Schweizerischen Juristenvereins, am 9. September 1918 in Olten, Hotel Aarhof</subfield></datafield><datafield ind1="1" ind2=" " tag="246"><subfield code="a">Protokoll der Jahresversammlung zu Olten den 9. September 1918</subfield></datafield><datafield ind1="1" ind2=" " tag="246"><subfield code="a">LIII. Jahresversammlung den 9. September 1918 zu Olten</subfield></datafield><datafield ind1=" " ind2=" " tag="580"><subfield code="a">In: Verhandlungen des schweizerischen Juristenvereins. - Basel. - 1918, H. 3, S. 187-246</subfield></datafield><datafield ind1=" " ind2=" " tag="580"><subfield code="a">In: Zeitschrift für schweizerisches Recht. - Basel. - Bd. 37(1918), S. 613-672</subfield></datafield><datafield ind1="0" ind2=" " tag="773"><subfield code="t">Verhandlungen des Schweizerischen Juristenvereins = Actes de la Société suisse des juristes = Atti della Società svizzera dei giuristi</subfield><subfield code="g">1918/187</subfield><subfield code="g">yr:1918</subfield><subfield code="w">(RERO)0114747-41slsp</subfield></datafield><datafield ind1="0" ind2=" " tag="773"><subfield code="t">Zeitschrift für schweizerisches Recht = Revue de droit suisse = Rivista di diritto svizzero</subfield><subfield code="g">1918/613</subfield><subfield code="w">(RERO)0063074-41slsp</subfield></datafield><datafield ind1=" " ind2=" " tag="900"><subfield code="a">REROnoselfmerge</subfield></datafield></record>
</metadata></record>