<record><header><identifier>oai:alma.41SLSP_UGE:991000781049705502</identifier><datestamp>2023-03-01T01:10:14Z</datestamp><setSpec>uge_bcen_RapidILL_BOOK</setSpec><setSpec>uge_aaca_RapidILL_BOOK</setSpec><setSpec>uge_abels_RapidILL_BOOK</setSpec><setSpec>uge_dbu_RapidILL_BOOK</setSpec><setSpec>uge_cmu_RapidILL_BOOK</setSpec><setSpec>uge_mail_RapidILL_BOOK</setSpec><setSpec>UNIGE_ALL</setSpec><setSpec>uge_abbat_RapidILL_BOOK</setSpec><setSpec>uge_aobs_RapidILL_BOOK</setSpec><setSpec>uge_acar_RapidILL_BOOK</setSpec></header><metadata>
<record xmlns="http://www.loc.gov/MARC21/slim" xmlns:xsi="http://www.w3.org/2001/XMLSchema-instance" xsi:schemaLocation="http://www.loc.gov/MARC21/slim http://www.loc.gov/standards/marcxml/schema/MARC21slim.xsd"><leader>01334nam a2200421 c 4500</leader><controlfield tag="001">991000781049705502</controlfield><controlfield tag="005">20210207212831.0</controlfield><controlfield tag="008">201011s1980    xxu||||| |||| 00| ||eng d</controlfield><datafield ind1=" " ind2=" " tag="020"><subfield code="a">0124472095</subfield></datafield><datafield ind1="7" ind2=" " tag="024"><subfield code="a">http://catalogue.bnf.fr/ark:/12148/cb401390264</subfield><subfield code="2">uri</subfield></datafield><datafield ind1=" " ind2=" " tag="035"><subfield code="a">(swissbib)231479484-41slsp_network</subfield></datafield><datafield ind1=" " ind2=" " tag="035"><subfield code="a">231479484</subfield><subfield code="9">ExL</subfield></datafield><datafield ind1=" " ind2=" " tag="035"><subfield code="a">(RERO)0654629-41slsp</subfield></datafield><datafield ind1=" " ind2=" " tag="035"><subfield code="a">(NEBIS)000703111EBI01</subfield></datafield><datafield ind1=" " ind2=" " tag="035"><subfield code="a">(EXLNZ-41SLSP_NETWORK)991133899869705501</subfield></datafield><datafield ind1=" " ind2=" " tag="040"><subfield code="a">RERO geucmu</subfield><subfield code="d">CH-ZuSLS</subfield></datafield><datafield ind1=" " ind2="7" tag="072"><subfield code="a">bi</subfield><subfield code="2">rero</subfield></datafield><datafield ind1=" " ind2="7" tag="072"><subfield code="a">me</subfield><subfield code="2">rero</subfield></datafield><datafield ind1="0" ind2="4" tag="082"><subfield code="a">599.01927</subfield><subfield code="2">23</subfield></datafield><datafield ind1="0" ind2="4" tag="082"><subfield code="a">599.01 927 s 5046</subfield><subfield code="a">547.7</subfield></datafield><datafield ind1="1" ind2="4" tag="082"><subfield code="a">572.633</subfield><subfield code="2">22</subfield></datafield><datafield ind1="0" ind2="0" tag="245"><subfield code="a">Techniques in protein chemistry</subfield><subfield code="c">ed. by Choh Hao Li</subfield></datafield><datafield ind1=" " ind2="1" tag="264"><subfield code="a">New York</subfield><subfield code="a">London [etc.]</subfield><subfield code="b">Academic Press</subfield><subfield code="c">1980</subfield></datafield><datafield ind1=" " ind2=" " tag="300"><subfield code="a">XV, 268 p.</subfield><subfield code="b">ill.</subfield><subfield code="c">24 cm</subfield></datafield><datafield ind1=" " ind2=" " tag="336"><subfield code="b">txt</subfield><subfield code="2">rdacontent</subfield></datafield><datafield ind1=" " ind2=" " tag="337"><subfield code="b">n</subfield><subfield code="2">rdamedia</subfield></datafield><datafield ind1=" " ind2=" " tag="338"><subfield code="b">nc</subfield><subfield code="2">rdacarrier</subfield></datafield><datafield ind1="1" ind2=" " tag="490"><subfield code="a">Hormonal proteins and peptides</subfield><subfield code="v">vol. 9</subfield></datafield><datafield ind1=" " ind2="2" tag="650"><subfield code="a">Proteins</subfield><subfield code="x">analysis</subfield></datafield><datafield ind1=" " ind2="2" tag="650"><subfield code="a">Peptides</subfield><subfield code="x">analysis</subfield></datafield><datafield ind1=" " ind2="0" tag="650"><subfield code="a">Peptide hormones</subfield></datafield><datafield ind1=" " ind2="0" tag="650"><subfield code="a">Peptides</subfield><subfield code="x">Analysis</subfield></datafield><datafield ind1=" " ind2="0" tag="650"><subfield code="a">Protein hormones</subfield></datafield><datafield ind1=" " ind2="0" tag="650"><subfield code="a">Proteins</subfield><subfield code="x">Analysis</subfield></datafield><datafield ind1="1" ind2=" " tag="700"><subfield code="a">Li, Choh Hao</subfield><subfield code="d">1913-....</subfield><subfield code="0">(IDREF)081716885</subfield></datafield><datafield ind1=" " ind2="0" tag="830"><subfield code="a">Hormonal proteins and peptides</subfield><subfield code="v">9</subfield><subfield code="w">(NEBIS)000029487EBI01</subfield></datafield><datafield ind1=" " ind2=" " tag="900"><subfield code="a">REROnoselfmerge</subfield></datafield><datafield ind1=" " ind2=" " tag="900"><subfield code="a">IDSE1N25</subfield></datafield><datafield ind1=" " ind2=" " tag="900"><subfield code="a">IDSZ2zbzmon200906l</subfield><subfield code="c">IDSZ2kalh</subfield></datafield></record>
</metadata></record>