<record><header><identifier>oai:alma.41SLSP_UGE:991000781259705502</identifier><datestamp>2023-03-01T01:10:14Z</datestamp><setSpec>uge_bcen_RapidILL_BOOK</setSpec><setSpec>uge_aaca_RapidILL_BOOK</setSpec><setSpec>uge_abels_RapidILL_BOOK</setSpec><setSpec>uge_dbu_RapidILL_BOOK</setSpec><setSpec>uge_cmu_RapidILL_BOOK</setSpec><setSpec>uge_mail_RapidILL_BOOK</setSpec><setSpec>UNIGE_ALL</setSpec><setSpec>uge_abbat_RapidILL_BOOK</setSpec><setSpec>uge_aobs_RapidILL_BOOK</setSpec><setSpec>uge_acar_RapidILL_BOOK</setSpec></header><metadata>
<record xmlns="http://www.loc.gov/MARC21/slim" xmlns:xsi="http://www.w3.org/2001/XMLSchema-instance" xsi:schemaLocation="http://www.loc.gov/MARC21/slim http://www.loc.gov/standards/marcxml/schema/MARC21slim.xsd"><leader>02853nam a2200637uc 4500</leader><controlfield tag="001">991000781259705502</controlfield><controlfield tag="005">20201231095716.0</controlfield><controlfield tag="008">201012t19981998xxu    |      11| ||eng|d</controlfield><datafield ind1=" " ind2=" " tag="019"><subfield code="a">Dikranjan, Dikran N. (1950-) / Library of Congress</subfield></datafield><datafield ind1=" " ind2=" " tag="020"><subfield code="a">0824719379</subfield><subfield code="q">alk. paper</subfield></datafield><datafield ind1="7" ind2=" " tag="024"><subfield code="a">http://catalogue.bnf.fr/ark:/12148/cb375549460</subfield><subfield code="2">uri</subfield></datafield><datafield ind1=" " ind2=" " tag="035"><subfield code="a">(swissbib)236405632-41slsp_network</subfield></datafield><datafield ind1=" " ind2=" " tag="035"><subfield code="a">236405632</subfield><subfield code="9">ExL</subfield></datafield><datafield ind1=" " ind2=" " tag="035"><subfield code="a">(NEBIS)001967967EBI01</subfield></datafield><datafield ind1=" " ind2=" " tag="035"><subfield code="a">(RERO)R247432960-41slsp</subfield></datafield><datafield ind1=" " ind2=" " tag="035"><subfield code="a">(IDSBB)001578207DSV01</subfield></datafield><datafield ind1=" " ind2=" " tag="035"><subfield code="a">(EXLNZ-41SLSP_NETWORK)991022823709705501</subfield></datafield><datafield ind1=" " ind2=" " tag="040"><subfield code="a">ETH-BIB</subfield><subfield code="b">ger</subfield><subfield code="e">ETHICS-ISBD</subfield><subfield code="d">CH-ZuSLS</subfield></datafield><datafield ind1=" " ind2=" " tag="044"><subfield code="a">xxu</subfield><subfield code="a">sz</subfield></datafield><datafield ind1=" " ind2="7" tag="072"><subfield code="a">ma</subfield><subfield code="2">rero</subfield></datafield><datafield ind1=" " ind2="7" tag="072"><subfield code="a">mt</subfield><subfield code="2">SzZuIDS BS/BE</subfield></datafield><datafield ind1="1" ind2="4" tag="082"><subfield code="a">510</subfield><subfield code="2">15</subfield></datafield><datafield ind1=" " ind2=" " tag="084"><subfield code="a">00.40</subfield><subfield code="2">msc</subfield></datafield><datafield ind1=" " ind2=" " tag="084"><subfield code="a">SD 1998</subfield><subfield code="2">rvk</subfield></datafield><datafield ind1=" " ind2=" " tag="084"><subfield code="a">SK 260</subfield><subfield code="2">rvk</subfield></datafield><datafield ind1=" " ind2=" " tag="084"><subfield code="a">SK 340</subfield><subfield code="2">rvk</subfield></datafield><datafield ind1="0" ind2="0" tag="245"><subfield code="a">Abelian groups, module theory, and topology</subfield><subfield code="b">proceedings in honour of Adalberto Orsatti's 60th birthday</subfield><subfield code="c">ed. by Dikran Dikranjan, Luigi Salce</subfield></datafield><datafield ind1=" " ind2="1" tag="264"><subfield code="a">New York</subfield><subfield code="a">Basel [etc.]</subfield><subfield code="b">Marcel Dekker</subfield><subfield code="c">[1998]</subfield></datafield><datafield ind1=" " ind2="4" tag="264"><subfield code="c">© 1998</subfield></datafield><datafield ind1=" " ind2=" " tag="300"><subfield code="a">XV, 444 S.</subfield><subfield code="c">26 cm</subfield></datafield><datafield ind1=" " ind2=" " tag="336"><subfield code="b">txt</subfield><subfield code="2">rdacontent</subfield></datafield><datafield ind1=" " ind2=" " tag="337"><subfield code="b">n</subfield><subfield code="2">rdamedia</subfield></datafield><datafield ind1=" " ind2=" " tag="338"><subfield code="b">nc</subfield><subfield code="2">rdacarrier</subfield></datafield><datafield ind1="1" ind2=" " tag="490"><subfield code="a">Lecture notes in pure and applied mathematics</subfield><subfield code="v">vol. 201</subfield></datafield><datafield ind1=" " ind2=" " tag="500"><subfield code="a">Anlassname: 1997 Conference in Honor of Adalberto Osatti's 60th Birthday. - Anlassort: Padua, Italy</subfield></datafield><datafield ind1=" " ind2=" " tag="500"><subfield code="a">L'ouvrage porte: &quot;An international conference was held in Padua, Italy&quot; et &quot;1997 conference in honor of...&quot;</subfield></datafield><datafield ind1=" " ind2=" " tag="500"><subfield code="a">Congrès de mathématiques. Padova. 1997</subfield></datafield><datafield ind1=" " ind2=" " tag="500"><subfield code="a">International conference at Padua in 1994</subfield></datafield><datafield ind1=" " ind2="7" tag="650"><subfield code="a">ABELSCHE GRUPPEN (ALGEBRA)</subfield><subfield code="9">ger</subfield><subfield code="0">(ETHUDK)000012602</subfield><subfield code="2">ethudk</subfield></datafield><datafield ind1=" " ind2="7" tag="650"><subfield code="a">MODULN (ALGEBRA)</subfield><subfield code="9">ger</subfield><subfield code="0">(ETHUDK)000012696</subfield><subfield code="2">ethudk</subfield></datafield><datafield ind1=" " ind2="7" tag="650"><subfield code="a">TOPOLOGISCHE GRUPPEN (ALGEBRA)</subfield><subfield code="9">ger</subfield><subfield code="0">(ETHUDK)000012646</subfield><subfield code="2">ethudk</subfield></datafield><datafield ind1=" " ind2="7" tag="650"><subfield code="a">Abelsche Gruppe</subfield><subfield code="v">Kongressbericht</subfield><subfield code="2">idsbb</subfield></datafield><datafield ind1=" " ind2="7" tag="650"><subfield code="a">Ring (Math.)</subfield><subfield code="v">Kongressbericht</subfield><subfield code="2">idsbb</subfield></datafield><datafield ind1=" " ind2="7" tag="650"><subfield code="a">Modul (Algebra)</subfield><subfield code="v">Kongressbericht</subfield><subfield code="2">idsbb</subfield></datafield><datafield ind1=" " ind2="7" tag="650"><subfield code="a">Topologische Gruppe</subfield><subfield code="v">Kongressbericht</subfield><subfield code="2">idsbb</subfield></datafield><datafield ind1=" " ind2="7" tag="655"><subfield code="a">Festschrift</subfield><subfield code="2">gnd-content</subfield></datafield><datafield ind1=" " ind2="7" tag="655"><subfield code="a">Bibliografie</subfield><subfield code="2">gnd-content</subfield></datafield><datafield ind1=" " ind2="7" tag="655"><subfield code="a">Konferenzschrift</subfield><subfield code="z">Padua</subfield><subfield code="y">1994</subfield><subfield code="2">gnd-content</subfield></datafield><datafield ind1="1" ind2=" " tag="700"><subfield code="a">Dikranjan, Dikran</subfield></datafield><datafield ind1="1" ind2=" " tag="700"><subfield code="a">Dikranjan, Dikran N.</subfield><subfield code="d">1950-</subfield><subfield code="0">(DE-588)172044308</subfield><subfield code="6">880-02</subfield></datafield><datafield ind1="1" ind2=" " tag="880"><subfield code="6">700-02</subfield><subfield code="a">Dikranjan, Dikran N.</subfield><subfield code="d">1950-....</subfield><subfield code="0">(IDREF)086206265</subfield></datafield><datafield ind1="1" ind2=" " tag="700"><subfield code="a">Orsatti, Adalberto</subfield><subfield code="d">1937-2005</subfield><subfield code="0">(DE-588)136346510</subfield></datafield><datafield ind1="2" ind2=" " tag="711"><subfield code="a">Conference in Honor of Adalberto Orsatti's 60th Birthday</subfield><subfield code="d">1997</subfield><subfield code="c">Padua</subfield><subfield code="0">(DE-588)5322063-8</subfield></datafield><datafield ind1=" " ind2=" " tag="830"><subfield code="a">Lecture notes in pure and applied mathematics</subfield><subfield code="v">201</subfield><subfield code="w">(NEBIS)000034812EBI01</subfield></datafield><datafield ind1=" " ind2=" " tag="830"><subfield code="a">Lecture notes in pure and applied mathematics</subfield><subfield code="v">201</subfield><subfield code="w">(IDSBB)000156539DSV01</subfield></datafield><datafield ind1=" " ind2=" " tag="830"><subfield code="a">Pure and Applied Mathematics</subfield><subfield code="p">Dekker</subfield><subfield code="p">Lecture notes in pure and applied mathematics</subfield><subfield code="v">201</subfield><subfield code="w">(RERO)0619855-41slsp</subfield></datafield><datafield ind1=" " ind2=" " tag="900"><subfield code="a">REROnoselfmerge</subfield></datafield></record>
</metadata></record>