<record><header><identifier>oai:alma.41SLSP_UGE:991000781149705502</identifier><datestamp>2024-04-05T00:24:04Z</datestamp><setSpec>uge_bcen_RapidILL_BOOK</setSpec><setSpec>uge_aaca_RapidILL_BOOK</setSpec><setSpec>uge_abels_RapidILL_BOOK</setSpec><setSpec>uge_dbu_RapidILL_BOOK</setSpec><setSpec>uge_cmu_RapidILL_BOOK</setSpec><setSpec>uge_mail_RapidILL_BOOK</setSpec><setSpec>uge_abbat_RapidILL_BOOK</setSpec><setSpec>UNIGE_ALL</setSpec><setSpec>uge_acar_RapidILL_BOOK</setSpec><setSpec>uge_aobs_RapidILL_BOOK</setSpec></header><metadata>
<record xmlns="http://www.loc.gov/MARC21/slim" xmlns:xsi="http://www.w3.org/2001/XMLSchema-instance" xsi:schemaLocation="http://www.loc.gov/MARC21/slim http://www.loc.gov/standards/marcxml/schema/MARC21slim.xsd"><leader>04928nam a2200841 c 4500</leader><controlfield tag="001">991000781149705502</controlfield><controlfield tag="005">20240404161940.0</controlfield><controlfield tag="008">201011m19852011ne     |      00| ||eng|d</controlfield><datafield ind1=" " ind2=" " tag="020"><subfield code="a">9789004190054</subfield><subfield code="q">eISBN vol. 7</subfield></datafield><datafield ind1=" " ind2=" " tag="020"><subfield code="a">0792324714</subfield><subfield code="q">vol. 2</subfield></datafield><datafield ind1=" " ind2=" " tag="020"><subfield code="a">9041100350</subfield><subfield code="q">vol. 3</subfield></datafield><datafield ind1=" " ind2=" " tag="020"><subfield code="a">079230764X</subfield><subfield code="q">vol. 4</subfield></datafield><datafield ind1=" " ind2=" " tag="020"><subfield code="a">9024737192</subfield><subfield code="q">vol. 5</subfield></datafield><datafield ind1=" " ind2=" " tag="020"><subfield code="a">9041119817</subfield><subfield code="q">vol. 6</subfield></datafield><datafield ind1=" " ind2=" " tag="020"><subfield code="a">9789004191174</subfield><subfield code="q">vol. 7</subfield></datafield><datafield ind1=" " ind2=" " tag="020"><subfield code="a">9024731615</subfield><subfield code="q">set</subfield></datafield><datafield ind1=" " ind2=" " tag="020"><subfield code="a">9024731453</subfield><subfield code="q">vol. 1</subfield></datafield><datafield ind1="7" ind2=" " tag="024"><subfield code="a">http://catalogue.bnf.fr/ark:/12148/cb376667109</subfield><subfield code="2">uri</subfield></datafield><datafield ind1=" " ind2=" " tag="035"><subfield code="a">(swissbib)217565956-41slsp_network</subfield></datafield><datafield ind1=" " ind2=" " tag="035"><subfield code="a">217565956</subfield><subfield code="9">ExL</subfield></datafield><datafield ind1=" " ind2=" " tag="035"><subfield code="a">(NEBIS)001027912EBI01</subfield></datafield><datafield ind1=" " ind2=" " tag="035"><subfield code="a">(RERO)0690446-41slsp</subfield></datafield><datafield ind1=" " ind2=" " tag="035"><subfield code="a">(IDSSG)000536780HSB01</subfield></datafield><datafield ind1=" " ind2=" " tag="035"><subfield code="a">(EXLNZ-41SLSP_NETWORK)991108581439705501</subfield></datafield><datafield ind1=" " ind2=" " tag="040"><subfield code="a">SzZuIDS NEBIS UNI-RWI</subfield><subfield code="d">CH-ZuSLS</subfield></datafield><datafield ind1=" " ind2="7" tag="072"><subfield code="a">dr</subfield><subfield code="2">rero</subfield></datafield><datafield ind1="7" ind2="4" tag="082"><subfield code="a">340</subfield><subfield code="2">23sdnb</subfield></datafield><datafield ind1=" " ind2=" " tag="084"><subfield code="a">D 23 b</subfield><subfield code="2">cjurrom</subfield></datafield><datafield ind1=" " ind2=" " tag="084"><subfield code="a">D 23.5 b</subfield><subfield code="2">cjurrom</subfield></datafield><datafield ind1="0" ind2="0" tag="245"><subfield code="a">United Nations Convention on the Law of the Sea 1982</subfield><subfield code="b">a commentary</subfield><subfield code="c">University of Virgina, Center for Oceans Law and Policy</subfield></datafield><datafield ind1="1" ind2="4" tag="246"><subfield code="a">UNCLOS 1982</subfield><subfield code="b">commentary</subfield></datafield><datafield ind1=" " ind2="1" tag="264"><subfield code="a">Dordrecht</subfield><subfield code="b">Nijhoff</subfield><subfield code="c">1985-2011</subfield></datafield><datafield ind1=" " ind2=" " tag="300"><subfield code="a">7 vols.</subfield></datafield><datafield ind1=" " ind2=" " tag="336"><subfield code="b">txt</subfield><subfield code="2">rdacontent</subfield></datafield><datafield ind1=" " ind2=" " tag="337"><subfield code="b">n</subfield><subfield code="2">rdamedia</subfield></datafield><datafield ind1=" " ind2=" " tag="338"><subfield code="b">nc</subfield><subfield code="2">rdacarrier</subfield></datafield><datafield ind1=" " ind2=" " tag="500"><subfield code="a">Erscheinungsort ab vol. 3: The Hague</subfield></datafield><datafield ind1=" " ind2=" " tag="500"><subfield code="a">En tête de la page de titre : Center for Oceans Law and Policy, University of Virginia</subfield></datafield><datafield ind1=" " ind2=" " tag="500"><subfield code="a">Traité. 1982. Montego Bay. Commentaire</subfield></datafield><datafield ind1="0" ind2="0" tag="505"><subfield code="g">Vol. 1</subfield><subfield code="t">[Text of Convention and introductory material]</subfield><subfield code="r">ed.-in-chief: Myron H. Nordquist</subfield></datafield><datafield ind1="0" ind2="0" tag="505"><subfield code="g">Vol. 5</subfield><subfield code="t">Articles 279 to 320, annexes 5-9, final act, annex 1, resolutions 1, 3 and 4</subfield><subfield code="r">eds.: Shabtai Rosenne ... [et al.]</subfield></datafield><datafield ind1="0" ind2="0" tag="505"><subfield code="g">Vol. 6</subfield><subfield code="t">articles 133 to 191, annexes 3 and 4, final act, annex 1, resolution 2, agreement relating to the implementation of part 9, documentary annexes</subfield><subfield code="r">ed.-in-chief: Satya N. Nandan</subfield></datafield><datafield ind1="0" ind2="0" tag="505"><subfield code="g">Vol. 2</subfield><subfield code="t">Articles 1 to 85</subfield><subfield code="t">Annexes I and II</subfield><subfield code="t">Final act, annex II</subfield><subfield code="r">Satya N. Nandan ... [et al.], vol. eds.</subfield></datafield><datafield ind1="0" ind2="0" tag="505"><subfield code="g">Vol. 3</subfield><subfield code="t">Articles 86 to 32 and documentary annexes</subfield><subfield code="r">Satya N. Nandan ... [et al.], vol. eds.</subfield></datafield><datafield ind1="0" ind2="0" tag="505"><subfield code="g">Vol. 4</subfield><subfield code="t">Articles 192 to 278</subfield><subfield code="t">Final act, annex VI</subfield><subfield code="r">Shabtai Rosenne ... [et al.]. vol. eds.</subfield></datafield><datafield ind1="0" ind2="0" tag="505"><subfield code="g">Vol. 7</subfield><subfield code="t">Consolidated United Nations Conventions on the Law of the Sea and comprehensive index to the commentary series</subfield><subfield code="r">Myron H. Nordquist, Satya N. Nandan, James Kraska</subfield></datafield><datafield ind1="0" ind2="0" tag="505"><subfield code="g">Vol. 5</subfield><subfield code="t">Articles 279 to 320</subfield><subfield code="t">Annexes V, VI, VII, VIII and IX</subfield><subfield code="t">Final act, annex I, resolutions I, III and IV</subfield><subfield code="r">Shabtai Rosenne ... [et al.]., vol. eds.</subfield></datafield><datafield ind1="0" ind2="0" tag="505"><subfield code="g">Vol. 6</subfield><subfield code="t">Articles 133 to 191</subfield><subfield code="t">Annexes III and IV</subfield><subfield code="t">Final act, Annex I, Resolution II</subfield><subfield code="t">Agreement relating to the implementation of part XI</subfield><subfield code="t">Documentary annexes</subfield><subfield code="r">Shabtai Rosenne ... [et al.]. eds.</subfield></datafield><datafield ind1="0" ind2="0" tag="505"><subfield code="g">Vol. 1</subfield><subfield code="t">[Ohne Titel]</subfield></datafield><datafield ind1=" " ind2=" " tag="580"><subfield code="a">A pour suppl.: UNCLOS 1982 commentary : supplementary documents</subfield></datafield><datafield ind1="2" ind2="7" tag="610"><subfield code="a">Convention on the law of the sea</subfield><subfield code="f">1982 Dezember 10</subfield><subfield code="0">(DE-588)4077323-1</subfield><subfield code="2">gnd</subfield></datafield><datafield ind1="2" ind2="7" tag="611"><subfield code="a">Convention des Nations Unies sur le droit de la mer</subfield><subfield code="d">1982</subfield><subfield code="c">Montego Bay</subfield><subfield code="0">(RERO)A009979713</subfield><subfield code="2">rero</subfield></datafield><datafield ind1="0" ind2="7" tag="630"><subfield code="a">Seerechtskonvention (1982)</subfield><subfield code="2">idszbz</subfield></datafield><datafield ind1=" " ind2="7" tag="650"><subfield code="a">Seevölkerrecht</subfield><subfield code="2">idszbz</subfield></datafield><datafield ind1=" " ind2="7" tag="655"><subfield code="a">Kommentar</subfield><subfield code="2">idszbz</subfield></datafield><datafield ind1=" " ind2="7" tag="655"><subfield code="a">Quelle</subfield><subfield code="2">idszbz</subfield></datafield><datafield ind1=" " ind2="7" tag="655"><subfield code="a">Manuels d'enseignement</subfield><subfield code="0">(IDREF)027446514</subfield><subfield code="2">idref</subfield></datafield><datafield ind1=" " ind2="7" tag="655"><subfield code="a">Kommentar</subfield><subfield code="2">gnd-content</subfield></datafield><datafield ind1=" " ind2=" " tag="690"><subfield code="a">Gesetz; Abkommen; Seerecht; Meer; Kommentar; Index; Journalist; Generalversammlung</subfield><subfield code="2">idssg-J</subfield></datafield><datafield ind1=" " ind2=" " tag="690"><subfield code="a">Meeresgesetz; Chefredakteur; Seerechtsübereinkommen; Themenindex; Falltabelle; Fischbestand; Kommentarserie</subfield><subfield code="2">idssg-J</subfield></datafield><datafield ind1=" " ind2=" " tag="690"><subfield code="a">hochwanderbarer Fischbestand; konsolidierte Falltabelle; konsolidiertes Seerechtsübereinkommen; konsolidierter Themenindex; umfassender Index; vereinte Nation</subfield><subfield code="2">idssg-J</subfield></datafield><datafield ind1=" " ind2=" " tag="690"><subfield code="a">Vereinte Nationen C00WOR; Vereinigte Staaten C1USA; Niederlande C4EUNE</subfield><subfield code="2">idssg-J</subfield></datafield><datafield ind1=" " ind2=" " tag="690"><subfield code="a">Band Konsolidiertes Seerechtsübereinkommen; Kommentarserie Myron Nordquist Chefredakteur; konsolidiert Falltabelle Konsolidierte; Martinus NIJHOFF; Mitherausgeber MARTINUS NIJHOFF; Reihe Satya Nandan Chefredakteur Band; School of Law; Series General Editor James Kraska Mitherausgeber MARTINUS NIJHOFF; Virginia School of Law</subfield><subfield code="2">idssg-J</subfield></datafield><datafield ind1="1" ind2=" " tag="700"><subfield code="a">Kraska, James</subfield></datafield><datafield ind1="1" ind2=" " tag="700"><subfield code="a">Nandan, Satya N.</subfield></datafield><datafield ind1="1" ind2=" " tag="700"><subfield code="a">Rosenne, Shabtai</subfield><subfield code="d">1917-2010</subfield><subfield code="0">(DE-588)118982192</subfield></datafield><datafield ind1="1" ind2=" " tag="700"><subfield code="a">Nordquist, Myron H.</subfield><subfield code="0">(DE-588)129338575</subfield><subfield code="6">880-05</subfield></datafield><datafield ind1="1" ind2=" " tag="880"><subfield code="6">700-05</subfield><subfield code="a">Nordquist, Myron H.</subfield><subfield code="0">(IDREF)031572707</subfield></datafield><datafield ind1="2" ind2=" " tag="710"><subfield code="a">Center for Oceans Law and Policy</subfield><subfield code="0">(IDREF)243605447</subfield></datafield><datafield ind1="2" ind2=" " tag="710"><subfield code="a">University of Virginia</subfield><subfield code="b">Center for Oceans Law and Policy</subfield><subfield code="0">(DE-588)1057096-2</subfield></datafield><datafield ind1="0" ind2=" " tag="770"><subfield code="t">UNCLOS 1982 commentary : supplementary documents</subfield><subfield code="w">(RERO)R007866520-41slsp</subfield></datafield><datafield ind1="4" ind2=" " tag="856"><subfield code="u">https://tools.unisg.ch/url/hm00369707</subfield><subfield code="z">Inhaltsverzeichnis</subfield></datafield><datafield ind1=" " ind2=" " tag="900"><subfield code="d">IDSZ1rwiswk201109b</subfield><subfield code="e">IDSZ1basc</subfield></datafield><datafield ind1=" " ind2=" " tag="949"><subfield code="a">https://tools.unisg.ch/url/hm00369707</subfield></datafield></record>
</metadata></record>