<record><header><identifier>oai:alma.41SLSP_UGE:991000781359705502</identifier><datestamp>2024-07-25T00:37:45Z</datestamp><setSpec>uge_bcen_RapidILL_BOOK</setSpec><setSpec>uge_aaca_RapidILL_BOOK</setSpec><setSpec>uge_abels_RapidILL_BOOK</setSpec><setSpec>uge_dbu_RapidILL_BOOK</setSpec><setSpec>uge_cmu_RapidILL_BOOK</setSpec><setSpec>uge_mail_RapidILL_BOOK</setSpec><setSpec>uge_abbat_RapidILL_BOOK</setSpec><setSpec>UNIGE_ALL</setSpec><setSpec>uge_aobs_RapidILL_BOOK</setSpec><setSpec>uge_acar_RapidILL_BOOK</setSpec></header><metadata>
<record xmlns="http://www.loc.gov/MARC21/slim" xmlns:xsi="http://www.w3.org/2001/XMLSchema-instance" xsi:schemaLocation="http://www.loc.gov/MARC21/slim http://www.loc.gov/standards/marcxml/schema/MARC21slim.xsd"><leader>03116nam a2200577 c 4500</leader><controlfield tag="001">991000781359705502</controlfield><controlfield tag="005">20240724112456.0</controlfield><controlfield tag="008">201012s2012    fr ||||| |||| 00| ||fre d</controlfield><datafield ind1=" " ind2=" " tag="019"><subfield code="a">!!! Attention - Notice analytique !!!</subfield><subfield code="5">RERO/labcud/05.2013</subfield></datafield><datafield ind1=" " ind2=" " tag="020"><subfield code="a">9782336006833</subfield><subfield code="q">broché</subfield></datafield><datafield ind1=" " ind2=" " tag="020"><subfield code="a">2336006839</subfield></datafield><datafield ind1=" " ind2=" " tag="035"><subfield code="a">(swissbib)236562150-41slsp_network</subfield></datafield><datafield ind1=" " ind2=" " tag="035"><subfield code="a">236562150</subfield><subfield code="9">ExL</subfield></datafield><datafield ind1=" " ind2=" " tag="035"><subfield code="a">(RERO)R007218407-41slsp</subfield></datafield><datafield ind1=" " ind2=" " tag="035"><subfield code="a">(IDSBB)006100937DSV01</subfield></datafield><datafield ind1=" " ind2=" " tag="035"><subfield code="a">(OCoLC)820630839</subfield></datafield><datafield ind1=" " ind2=" " tag="035"><subfield code="a">(EXLNZ-41SLSP_NETWORK)991156351409705501</subfield></datafield><datafield ind1=" " ind2=" " tag="040"><subfield code="a">ERASP</subfield><subfield code="d">CH-ZuSLS</subfield></datafield><datafield ind1="0" ind2=" " tag="041"><subfield code="a">fre</subfield><subfield code="a">eng</subfield><subfield code="a">spa</subfield></datafield><datafield ind1=" " ind2=" " tag="050"><subfield code="a">BH</subfield></datafield><datafield ind1=" " ind2="7" tag="072"><subfield code="a">ba</subfield><subfield code="2">rero</subfield></datafield><datafield ind1=" " ind2="7" tag="072"><subfield code="a">am</subfield><subfield code="2">rero</subfield></datafield><datafield ind1=" " ind2="7" tag="072"><subfield code="a">ak</subfield><subfield code="2">SzZuIDS BS/BE</subfield></datafield><datafield ind1=" " ind2="7" tag="072"><subfield code="a">kh</subfield><subfield code="2">SzZuIDS BS/BE</subfield></datafield><datafield ind1=" " ind2="7" tag="072"><subfield code="a">gw</subfield><subfield code="2">SzZuIDS BS/BE</subfield></datafield><datafield ind1="0" ind2="4" tag="082"><subfield code="a">111.85</subfield></datafield><datafield ind1="1" ind2="4" tag="082"><subfield code="a">740</subfield><subfield code="2">15</subfield></datafield><datafield ind1="0" ind2="0" tag="245"><subfield code="a">Entre l'art et le métier</subfield><subfield code="b">= Between arts and crafts</subfield><subfield code="c">[responsable du dossier: Marc Perrenoud]</subfield></datafield><datafield ind1="1" ind2=" " tag="246"><subfield code="a">Between arts and crafts</subfield></datafield><datafield ind1=" " ind2="1" tag="264"><subfield code="a">Paris</subfield><subfield code="b">L'Harmattan</subfield><subfield code="c">2012</subfield></datafield><datafield ind1=" " ind2="4" tag="264"><subfield code="c">© 2012</subfield></datafield><datafield ind1=" " ind2=" " tag="300"><subfield code="a">183 p.</subfield><subfield code="b">ill. en noir et blanc</subfield><subfield code="c">22 cm</subfield></datafield><datafield ind1=" " ind2=" " tag="336"><subfield code="b">txt</subfield><subfield code="2">rdacontent</subfield></datafield><datafield ind1=" " ind2=" " tag="337"><subfield code="b">n</subfield><subfield code="2">rdamedia</subfield></datafield><datafield ind1=" " ind2=" " tag="338"><subfield code="b">nc</subfield><subfield code="2">rdacarrier</subfield></datafield><datafield ind1="1" ind2=" " tag="490"><subfield code="a">Sociologie de l'art. Nouvelle série</subfield><subfield code="v">opus 21</subfield></datafield><datafield ind1=" " ind2=" " tag="500"><subfield code="a">Texte exclusivement en français</subfield></datafield><datafield ind1=" " ind2=" " tag="500"><subfield code="a">Résumés en français, anglais ou espagnol</subfield></datafield><datafield ind1=" " ind2=" " tag="500"><subfield code="a">La description comprend aussi des réimpressions sans modifications parues ultérieurement</subfield></datafield><datafield ind1="8" ind2=" " tag="520"><subfield code="a">L'idée de ce dossier thématique, et plus largement de la problématisation sociologique du travail entre l'art et le métier, est bien d'aller investiguer aux marges des mondes de l'art, du côté de ce que l'on pourrait appeler le travail indépendant à dimension artistique ou plus généralement le travail créatif où compétence technique objectivable et créativité inspirée sont deux éléments également fondamentaux que doivent parvenir à combiner l'artiste, l'artisan et d'une manière générale tout travailleur institué par l'idéologie néolibérale en petit entrepreneur de sa propre existence. 0C'est cette combinaison que les mondes du travail entre l'art et le métier nous donnent à voir : à partir de leurs travaux de doctorat respectifs, Anne Jourdain et Flora Bajard ont abordé des terrains assez proches relevant tous les deux de ce que l'on peut peut-être considérer comme les espaces professionnels emblématiques de l'ambiguïté art/métier</subfield><subfield code="5">RERO/gevbaa/01.2013</subfield></datafield><datafield ind1=" " ind2="7" tag="650"><subfield code="a">Sociologie de l'art</subfield><subfield code="0">(IDREF)050594885</subfield><subfield code="2">idref</subfield></datafield><datafield ind1=" " ind2="7" tag="650"><subfield code="a">Artisanat</subfield><subfield code="0">(IDREF)027386899</subfield><subfield code="2">idref</subfield></datafield><datafield ind1=" " ind2="7" tag="650"><subfield code="a">Art</subfield><subfield code="0">(IDREF)027269302</subfield><subfield code="2">idref</subfield></datafield><datafield ind1=" " ind2="7" tag="650"><subfield code="a">Créativité</subfield><subfield code="0">(IDREF)027286584</subfield><subfield code="2">idref</subfield></datafield><datafield ind1=" " ind2="7" tag="650"><subfield code="a">Travail</subfield><subfield code="0">(IDREF)027736067</subfield><subfield code="2">idref</subfield></datafield><datafield ind1=" " ind2="7" tag="655"><subfield code="a">[Études diverses]</subfield><subfield code="0">(RERO)A022249905</subfield><subfield code="2">rero</subfield></datafield><datafield ind1="1" ind2=" " tag="700"><subfield code="6">880-02</subfield><subfield code="a">Perrenoud, Marc</subfield><subfield code="d">1975-</subfield><subfield code="4">pbd</subfield><subfield code="0">(DE-588)103711793X</subfield></datafield><datafield ind1="1" ind2=" " tag="880"><subfield code="6">700-02</subfield><subfield code="a">Perrenoud, Marc</subfield><subfield code="c">anthropologue</subfield><subfield code="d">1975-....</subfield><subfield code="0">(IDREF)109350588</subfield><subfield code="4">pbd</subfield></datafield><datafield ind1=" " ind2=" " tag="830"><subfield code="a">Sociologie de l'art</subfield><subfield code="p">Opus</subfield><subfield code="v">21</subfield><subfield code="w">(RERO)R003351101-41slsp</subfield></datafield><datafield ind1=" " ind2=" " tag="830"><subfield code="a">OPuS</subfield><subfield code="p">Nouvelle série</subfield><subfield code="v">21</subfield><subfield code="w">(IDSBB)003661752DSV01</subfield></datafield><datafield ind1=" " ind2=" " tag="900"><subfield code="a">REROnoselfmerge</subfield></datafield><datafield ind1=" " ind2=" " tag="910"><subfield code="a">OCoLC</subfield><subfield code="b">20130117</subfield><subfield code="c">Droits réservés</subfield></datafield></record>
</metadata></record>