<record><header><identifier>oai:alma.41SLSP_UGE:991000781609705502</identifier><datestamp>2023-03-01T01:10:14Z</datestamp><setSpec>uge_bcen_RapidILL_BOOK</setSpec><setSpec>uge_aaca_RapidILL_BOOK</setSpec><setSpec>uge_abels_RapidILL_BOOK</setSpec><setSpec>uge_dbu_RapidILL_BOOK</setSpec><setSpec>uge_cmu_RapidILL_BOOK</setSpec><setSpec>uge_mail_RapidILL_BOOK</setSpec><setSpec>UNIGE_ALL</setSpec><setSpec>uge_abbat_RapidILL_BOOK</setSpec><setSpec>uge_aobs_RapidILL_BOOK</setSpec><setSpec>uge_acar_RapidILL_BOOK</setSpec></header><metadata>
<record xmlns="http://www.loc.gov/MARC21/slim" xmlns:xsi="http://www.w3.org/2001/XMLSchema-instance" xsi:schemaLocation="http://www.loc.gov/MARC21/slim http://www.loc.gov/standards/marcxml/schema/MARC21slim.xsd"><leader>01780nam a2200445 c 4500</leader><controlfield tag="001">991000781609705502</controlfield><controlfield tag="005">20210207113854.0</controlfield><controlfield tag="008">201011s2001    xxk||||| |||| 00| ||eng d</controlfield><datafield ind1=" " ind2=" " tag="020"><subfield code="a">1841271918</subfield></datafield><datafield ind1=" " ind2=" " tag="035"><subfield code="a">(swissbib)214747026-41slsp_network</subfield></datafield><datafield ind1=" " ind2=" " tag="035"><subfield code="a">214747026</subfield><subfield code="9">ExL</subfield></datafield><datafield ind1=" " ind2=" " tag="035"><subfield code="a">(RERO)R003125061-41slsp</subfield></datafield><datafield ind1=" " ind2=" " tag="035"><subfield code="a">(IDSBB)002429978DSV01</subfield></datafield><datafield ind1=" " ind2=" " tag="035"><subfield code="a">(NEBIS)008359077EBI01</subfield></datafield><datafield ind1=" " ind2=" " tag="035"><subfield code="a">(EXLNZ-41SLSP_NETWORK)991101988229705501</subfield></datafield><datafield ind1=" " ind2=" " tag="040"><subfield code="a">RERO neuthe</subfield><subfield code="d">CH-ZuSLS</subfield></datafield><datafield ind1=" " ind2="7" tag="072"><subfield code="a">th</subfield><subfield code="2">rero</subfield></datafield><datafield ind1=" " ind2="7" tag="072"><subfield code="a">th</subfield><subfield code="2">SzZuIDS BS/BE</subfield></datafield><datafield ind1=" " ind2=" " tag="084"><subfield code="a">BC 4040</subfield><subfield code="2">rvk</subfield></datafield><datafield ind1="1" ind2=" " tag="100"><subfield code="a">Rogerson, John William</subfield><subfield code="d">1935-2018</subfield><subfield code="0">(IDREF)028559622</subfield><subfield code="4">cre</subfield></datafield><datafield ind1="1" ind2="0" tag="245"><subfield code="a">Genesis and Exodus</subfield><subfield code="c">John W. Rogerson, R.W.L. Moberly and William Johnstone ; with an introduction by John Goldingray</subfield></datafield><datafield ind1=" " ind2="1" tag="264"><subfield code="a">Sheffield</subfield><subfield code="b">Sheffield Academic Press</subfield><subfield code="c">[2001]</subfield></datafield><datafield ind1=" " ind2="4" tag="264"><subfield code="c">© 2001</subfield></datafield><datafield ind1=" " ind2=" " tag="300"><subfield code="a">289 p.</subfield><subfield code="c">24 cm</subfield></datafield><datafield ind1=" " ind2=" " tag="336"><subfield code="b">txt</subfield><subfield code="2">rdacontent</subfield></datafield><datafield ind1=" " ind2=" " tag="337"><subfield code="b">n</subfield><subfield code="2">rdamedia</subfield></datafield><datafield ind1=" " ind2=" " tag="338"><subfield code="b">nc</subfield><subfield code="2">rdacarrier</subfield></datafield><datafield ind1="1" ind2=" " tag="490"><subfield code="a">Biblical guides</subfield></datafield><datafield ind1=" " ind2=" " tag="500"><subfield code="a">Les trois parties de ce volume ont paru séparément dans la collection &quot;Old Testament guides&quot;</subfield></datafield><datafield ind1=" " ind2=" " tag="500"><subfield code="a">Reprend: Genesis 1-11 / John W. Rogerson. Genesis 12-50 / R.W.L. Moberly. Exodus / W. Johnstone</subfield></datafield><datafield ind1=" " ind2=" " tag="500"><subfield code="a">Früher erschienen in 3 Teilen in der Reihe &quot;Old Testament guides&quot;, 1-3, 1990-1992</subfield></datafield><datafield ind1="0" ind2="7" tag="630"><subfield code="a">Bible</subfield><subfield code="p">AT</subfield><subfield code="p">Genèse</subfield><subfield code="0">(RERO)A009967352</subfield><subfield code="2">rero</subfield></datafield><datafield ind1="0" ind2="7" tag="630"><subfield code="a">Bible</subfield><subfield code="p">AT</subfield><subfield code="p">Exode</subfield><subfield code="0">(RERO)A009967347</subfield><subfield code="2">rero</subfield></datafield><datafield ind1="0" ind2="7" tag="630"><subfield code="a">Bibel</subfield><subfield code="p">Exodus</subfield><subfield code="0">(DE-588)4015988-7</subfield><subfield code="2">gnd</subfield></datafield><datafield ind1="0" ind2="7" tag="630"><subfield code="a">Bibel</subfield><subfield code="p">Genesis</subfield><subfield code="0">(DE-588)4020126-0</subfield><subfield code="2">gnd</subfield></datafield><datafield ind1="1" ind2=" " tag="700"><subfield code="a">Rogerson, J. W.</subfield><subfield code="d">1935-</subfield><subfield code="0">(DE-588)119349256</subfield></datafield><datafield ind1="1" ind2=" " tag="700"><subfield code="a">Moberly, R. Walter L.</subfield><subfield code="0">(IDREF)102528276</subfield></datafield><datafield ind1="1" ind2=" " tag="700"><subfield code="a">Johnstone, William</subfield><subfield code="d">1936-....</subfield><subfield code="0">(IDREF)034113983</subfield></datafield><datafield ind1=" " ind2="0" tag="830"><subfield code="a">Biblical guides</subfield><subfield code="w">(RERO)R003125066-41slsp</subfield></datafield><datafield ind1=" " ind2=" " tag="900"><subfield code="a">REROnoselfmerge</subfield></datafield><datafield ind1=" " ind2=" " tag="900"><subfield code="a">IDSBBnoselfmerge</subfield></datafield></record>
</metadata></record>