<record><header><identifier>oai:alma.41SLSP_UGE:991000781399705502</identifier><datestamp>2023-05-10T00:11:47Z</datestamp><setSpec>uge_bcen_RapidILL_BOOK</setSpec><setSpec>uge_aaca_RapidILL_BOOK</setSpec><setSpec>uge_abels_RapidILL_BOOK</setSpec><setSpec>uge_dbu_RapidILL_BOOK</setSpec><setSpec>uge_cmu_RapidILL_BOOK</setSpec><setSpec>uge_mail_RapidILL_BOOK</setSpec><setSpec>uge_abbat_RapidILL_BOOK</setSpec><setSpec>UNIGE_ALL</setSpec><setSpec>uge_aobs_RapidILL_BOOK</setSpec><setSpec>uge_acar_RapidILL_BOOK</setSpec></header><metadata>
<record xmlns="http://www.loc.gov/MARC21/slim" xmlns:xsi="http://www.w3.org/2001/XMLSchema-instance" xsi:schemaLocation="http://www.loc.gov/MARC21/slim http://www.loc.gov/standards/marcxml/schema/MARC21slim.xsd"><leader>01337nam a2200337 c 4500</leader><controlfield tag="001">991000781399705502</controlfield><controlfield tag="005">20230509162750.0</controlfield><controlfield tag="008">100517s2010    fr ||||| |||| 00| ||fre d</controlfield><datafield ind1=" " ind2=" " tag="020"><subfield code="a">9782705804763</subfield></datafield><datafield ind1="7" ind2=" " tag="024"><subfield code="a">http://catalogue.bnf.fr/ark:/12148/cb42178349g</subfield><subfield code="2">uri</subfield></datafield><datafield ind1=" " ind2=" " tag="035"><subfield code="a">(swissbib)110355571-41slsp_network</subfield></datafield><datafield ind1=" " ind2=" " tag="035"><subfield code="a">110355571</subfield><subfield code="9">ExL</subfield></datafield><datafield ind1=" " ind2=" " tag="035"><subfield code="a">(RERO)R005447375-41slsp</subfield></datafield><datafield ind1=" " ind2=" " tag="035"><subfield code="a">(EXLNZ-41SLSP_NETWORK)991094139889705501</subfield></datafield><datafield ind1=" " ind2=" " tag="040"><subfield code="a">FRBNF</subfield><subfield code="d">CH-ZuSLS</subfield></datafield><datafield ind1=" " ind2="7" tag="072"><subfield code="a">ht</subfield><subfield code="2">rero</subfield></datafield><datafield ind1=" " ind2="7" tag="072"><subfield code="a">fr</subfield><subfield code="2">rero</subfield></datafield><datafield ind1="1" ind2=" " tag="100"><subfield code="a">Gronfier, Adolphe</subfield><subfield code="d">1846-1893</subfield><subfield code="0">(RERO)A026452248</subfield><subfield code="4">cre</subfield></datafield><datafield ind1="1" ind2="0" tag="245"><subfield code="a">Dictionnaire de la racaille</subfield><subfield code="b">le manuscrit secret d'un commissaire de police parisien au XIXe siècle</subfield><subfield code="c">Adolphe Gronfier ; présentation de Bruno Fuligni</subfield></datafield><datafield ind1=" " ind2="1" tag="264"><subfield code="a">Paris</subfield><subfield code="b">Horay</subfield><subfield code="c">2010</subfield></datafield><datafield ind1=" " ind2=" " tag="300"><subfield code="a">334 pages, IV pages de planches</subfield><subfield code="b">illustrations</subfield></datafield><datafield ind1="0" ind2=" " tag="490"><subfield code="a">Cabinet de curiosité(s)</subfield></datafield><datafield ind1=" " ind2="7" tag="650"><subfield code="a">Pègre</subfield><subfield code="0">(IDREF)027528871</subfield><subfield code="2">idref</subfield></datafield><datafield ind1=" " ind2="7" tag="650"><subfield code="a">Criminels</subfield><subfield code="0">(IDREF)027813657</subfield><subfield code="2">idref</subfield></datafield><datafield ind1=" " ind2="7" tag="650"><subfield code="a">Marginaux</subfield><subfield code="0">(IDREF)050546570</subfield><subfield code="2">idref</subfield></datafield><datafield ind1=" " ind2="7" tag="650"><subfield code="a">Locutions</subfield><subfield code="0">(IDREF)027461696</subfield><subfield code="2">idref</subfield></datafield><datafield ind1=" " ind2="7" tag="650"><subfield code="a">Argot</subfield><subfield code="0">(IDREF)027794393</subfield><subfield code="2">idref</subfield></datafield><datafield ind1=" " ind2="7" tag="650"><subfield code="a">19e siècle</subfield><subfield code="0">(IDREF)027794059</subfield><subfield code="2">idref</subfield></datafield><datafield ind1=" " ind2="7" tag="651"><subfield code="a">Paris (France)</subfield><subfield code="0">(IDREF)027244520</subfield><subfield code="2">idref</subfield></datafield><datafield ind1=" " ind2="7" tag="655"><subfield code="a">Dictionnaires</subfield><subfield code="0">(IDREF)027232050</subfield><subfield code="2">idref</subfield></datafield><datafield ind1=" " ind2="7" tag="655"><subfield code="a">Sources</subfield><subfield code="0">(IDREF)027537161</subfield><subfield code="2">idref</subfield></datafield><datafield ind1="1" ind2=" " tag="700"><subfield code="a">Fuligni, Bruno</subfield><subfield code="d">1968-....</subfield><subfield code="0">(IDREF)035318503</subfield></datafield></record>
</metadata></record>