<record><header><identifier>oai:alma.41SLSP_UGE:991000781069705502</identifier><datestamp>2024-07-12T00:07:42Z</datestamp><setSpec>uge_bcen_RapidILL_BOOK</setSpec><setSpec>uge_aaca_RapidILL_BOOK</setSpec><setSpec>uge_abels_RapidILL_BOOK</setSpec><setSpec>uge_dbu_RapidILL_BOOK</setSpec><setSpec>uge_cmu_RapidILL_BOOK</setSpec><setSpec>uge_mail_RapidILL_BOOK</setSpec><setSpec>uge_abbat_RapidILL_BOOK</setSpec><setSpec>UNIGE_ALL</setSpec><setSpec>uge_acar_RapidILL_BOOK</setSpec><setSpec>uge_aobs_RapidILL_BOOK</setSpec></header><metadata>
<record xmlns="http://www.loc.gov/MARC21/slim" xmlns:xsi="http://www.w3.org/2001/XMLSchema-instance" xsi:schemaLocation="http://www.loc.gov/MARC21/slim http://www.loc.gov/standards/marcxml/schema/MARC21slim.xsd"><leader>03138nam a2200781 c 4500</leader><controlfield tag="001">991000781069705502</controlfield><controlfield tag="005">20230619205813.0</controlfield><controlfield tag="008">201012s2012    nyu           00| | eng| </controlfield><datafield ind1=" " ind2=" " tag="010"><subfield code="a">2012022503</subfield></datafield><datafield ind1=" " ind2=" " tag="020"><subfield code="a">9781137550880</subfield><subfield code="q">pbk.</subfield><subfield code="c">EUR 29.69 (AT) (freier Preis), sfr 30.00 (freier Preis), EUR 28.88 (DE) (freier Preis)</subfield></datafield><datafield ind1=" " ind2=" " tag="020"><subfield code="a">1137550880</subfield><subfield code="q">pbk.</subfield></datafield><datafield ind1=" " ind2=" " tag="020"><subfield code="a">0230340075</subfield><subfield code="q">hardback</subfield></datafield><datafield ind1=" " ind2=" " tag="020"><subfield code="a">9780230340077</subfield><subfield code="q">hardback</subfield><subfield code="c">EUR 61.60</subfield></datafield><datafield ind1=" " ind2=" " tag="035"><subfield code="a">(swissbib)241504783-41slsp_network</subfield></datafield><datafield ind1=" " ind2=" " tag="035"><subfield code="a">241504783</subfield><subfield code="9">ExL</subfield></datafield><datafield ind1=" " ind2=" " tag="035"><subfield code="a">(IDSLU)001080455ILU01</subfield></datafield><datafield ind1=" " ind2=" " tag="035"><subfield code="a">(RERO)R007895991-41slsp</subfield></datafield><datafield ind1=" " ind2=" " tag="035"><subfield code="a">(NEBIS)007329194EBI01</subfield></datafield><datafield ind1=" " ind2=" " tag="035"><subfield code="a">(IDSBB)006173741DSV01</subfield></datafield><datafield ind1=" " ind2=" " tag="035"><subfield code="a">(OCoLC)794037046</subfield></datafield><datafield ind1=" " ind2=" " tag="035"><subfield code="a">(EXLNZ-41SLSP_NETWORK)991070052269705501</subfield></datafield><datafield ind1=" " ind2=" " tag="040"><subfield code="a">DLC</subfield><subfield code="e">rda</subfield><subfield code="d">CH-ZuSLS</subfield></datafield><datafield ind1="0" ind2=" " tag="041"><subfield code="a">eng</subfield></datafield><datafield ind1=" " ind2="0" tag="050"><subfield code="a">PN1999.W27</subfield><subfield code="b">D575 2012</subfield></datafield><datafield ind1=" " ind2="7" tag="072"><subfield code="a">012</subfield><subfield code="2">IDS LU</subfield></datafield><datafield ind1=" " ind2="7" tag="072"><subfield code="a">an</subfield><subfield code="2">rero</subfield></datafield><datafield ind1="0" ind2="0" tag="082"><subfield code="a">384/.80979494</subfield><subfield code="2">23</subfield></datafield><datafield ind1="0" ind2="4" tag="082"><subfield code="a">384 .80979494</subfield><subfield code="2">23</subfield></datafield><datafield ind1=" " ind2=" " tag="084"><subfield code="a">AP 58400</subfield><subfield code="2">rvk</subfield></datafield><datafield ind1=" " ind2=" " tag="084"><subfield code="a">NM 1500</subfield><subfield code="2">rvk</subfield></datafield><datafield ind1=" " ind2=" " tag="084"><subfield code="a">LIT011000</subfield><subfield code="a">HIS037010</subfield><subfield code="a">PER004030</subfield><subfield code="2">bisacsh</subfield></datafield><datafield ind1="0" ind2="0" tag="245"><subfield code="a">&lt;&lt;The&gt;&gt; Disney Middle Ages</subfield><subfield code="b">a fairy-tale and fantasy past</subfield><subfield code="c">edited by Tison Pugh and Susan Aronstein</subfield></datafield><datafield ind1=" " ind2="1" tag="264"><subfield code="a">New York, N.Y.</subfield><subfield code="b">Palgrave Macmillan</subfield><subfield code="c">2012</subfield></datafield><datafield ind1=" " ind2=" " tag="300"><subfield code="a">xii, 283 p.</subfield><subfield code="b">ill.</subfield><subfield code="c">23 cm.</subfield></datafield><datafield ind1=" " ind2=" " tag="336"><subfield code="b">txt</subfield><subfield code="2">rdacontent</subfield></datafield><datafield ind1=" " ind2=" " tag="337"><subfield code="b">n</subfield><subfield code="2">rdamedia</subfield></datafield><datafield ind1=" " ind2=" " tag="338"><subfield code="b">nc</subfield><subfield code="2">rdacarrier</subfield></datafield><datafield ind1="0" ind2=" " tag="490"><subfield code="a">The new Middle Ages</subfield></datafield><datafield ind1=" " ind2=" " tag="500"><subfield code="a">Hier auch später erschienene, unveränderte Nachdrucke</subfield></datafield><datafield ind1=" " ind2=" " tag="500"><subfield code="a">Includes filmography</subfield></datafield><datafield ind1=" " ind2=" " tag="504"><subfield code="a">Includes bibliographical references (p. [263]-273) and index.</subfield></datafield><datafield ind1="2" ind2="0" tag="610"><subfield code="a">Walt Disney Productions</subfield></datafield><datafield ind1="2" ind2="7" tag="610"><subfield code="a">Walt Disney Company (Los Angeles)</subfield><subfield code="0">(RERO)A009983652</subfield><subfield code="2">rero</subfield></datafield><datafield ind1="2" ind2="7" tag="610"><subfield code="a">The Walt Disney Company</subfield><subfield code="0">(DE-588)2096846-2</subfield><subfield code="2">gnd</subfield></datafield><datafield ind1=" " ind2="7" tag="648"><subfield code="a">Geschichte</subfield><subfield code="2">gnd</subfield></datafield><datafield ind1=" " ind2="0" tag="650"><subfield code="a">Commercial products</subfield><subfield code="x">Social aspects</subfield></datafield><datafield ind1=" " ind2="0" tag="650"><subfield code="a">Fairy tales</subfield><subfield code="x">Social aspects</subfield></datafield><datafield ind1=" " ind2="0" tag="650"><subfield code="a">Medievalism</subfield><subfield code="x">Political aspects</subfield></datafield><datafield ind1=" " ind2="0" tag="650"><subfield code="a">Medievalism</subfield><subfield code="x">Social aspects</subfield></datafield><datafield ind1=" " ind2="0" tag="650"><subfield code="a">Medievalism in art</subfield></datafield><datafield ind1=" " ind2="0" tag="650"><subfield code="a">Middle Ages in motion pictures</subfield></datafield><datafield ind1=" " ind2="7" tag="650"><subfield code="a">Moyen âge</subfield><subfield code="0">(IDREF)027329917</subfield><subfield code="2">idref</subfield></datafield><datafield ind1=" " ind2="7" tag="650"><subfield code="a">Médiévisme (esthétique)</subfield><subfield code="0">(IDREF)03185852X</subfield><subfield code="2">idref</subfield></datafield><datafield ind1=" " ind2="7" tag="650"><subfield code="a">Contes</subfield><subfield code="0">(IDREF)027286460</subfield><subfield code="2">idref</subfield></datafield><datafield ind1=" " ind2="7" tag="650"><subfield code="a">Parcs d'attractions</subfield><subfield code="0">(IDREF)02807131X</subfield><subfield code="2">idref</subfield></datafield><datafield ind1=" " ind2="7" tag="650"><subfield code="a">Mittelalter</subfield><subfield code="g">Motiv</subfield><subfield code="0">(DE-588)4170206-2</subfield><subfield code="2">gnd</subfield></datafield><datafield ind1=" " ind2="7" tag="650"><subfield code="a">Film</subfield><subfield code="0">(DE-588)4017102-4</subfield><subfield code="2">gnd</subfield></datafield><datafield ind1=" " ind2="7" tag="650"><subfield code="a">Märchenfilm</subfield><subfield code="0">(DE-588)4245679-4</subfield><subfield code="2">gnd</subfield></datafield><datafield ind1=" " ind2="7" tag="650"><subfield code="a">Freizeitpark</subfield><subfield code="0">(DE-588)4199476-0</subfield><subfield code="2">gnd</subfield></datafield><datafield ind1=" " ind2="7" tag="650"><subfield code="a">Themenpark</subfield><subfield code="0">(DE-588)7725288-3</subfield><subfield code="2">gnd</subfield></datafield><datafield ind1=" " ind2="7" tag="650"><subfield code="a">Rezeption</subfield><subfield code="0">(DE-588)4049716-1</subfield><subfield code="2">gnd</subfield></datafield><datafield ind1=" " ind2="7" tag="650"><subfield code="a">Mittelalter</subfield><subfield code="0">(DE-588)4129108-6</subfield><subfield code="2">gnd</subfield></datafield><datafield ind1=" " ind2="7" tag="655"><subfield code="a">Aufsatzsammlung</subfield><subfield code="2">gnd-content</subfield></datafield><datafield ind1="1" ind2=" " tag="700"><subfield code="a">Aronstein, Susan</subfield><subfield code="0">(IDREF)165932090</subfield></datafield><datafield ind1="1" ind2=" " tag="700"><subfield code="a">Pugh, Tison</subfield><subfield code="d">1970-</subfield><subfield code="0">(DE-588)136214401</subfield><subfield code="4">edt</subfield><subfield code="6">880-02</subfield></datafield><datafield ind1="1" ind2=" " tag="880"><subfield code="6">700-02</subfield><subfield code="a">Pugh, Tison</subfield><subfield code="d">1970-....</subfield><subfield code="0">(IDREF)09297998X</subfield></datafield><datafield ind1="4" ind2=" " tag="856"><subfield code="3">Titelblatt und Inhaltsverzeichnis</subfield><subfield code="u">https://toc.library.ethz.ch/objects/pdf/z01_978-0-230-34007-7_01.pdf</subfield><subfield code="q">pdf</subfield></datafield><datafield ind1=" " ind2=" " tag="900"><subfield code="a">IDSZ2zbzmon201301f</subfield><subfield code="c">IDSZ2proc</subfield><subfield code="d">IDSZ2zbzswk201304b</subfield><subfield code="e">IDSZ2genh</subfield></datafield><datafield ind1=" " ind2=" " tag="949"><subfield code="a">https://toc.library.ethz.ch/objects/pdf/z01_978-0-230-34007-7_01.pdf</subfield></datafield></record>
</metadata></record>