<record><header><identifier>oai:alma.41SLSP_UGE:991000781169705502</identifier><datestamp>2023-06-30T00:21:45Z</datestamp><setSpec>uge_cmu_RapidILL_JOURNAL</setSpec><setSpec>uge_aobs_RapidILL_JOURNAL</setSpec><setSpec>uge_aaca_RapidILL_JOURNAL</setSpec><setSpec>uge_bcen_RapidILL_JOURNAL</setSpec><setSpec>uge_abbat_RapidILL_JOURNAL</setSpec><setSpec>uge_mail_RapidILL_JOURNAL</setSpec><setSpec>uge_dbu_RapidILL_JOURNAL</setSpec><setSpec>uge_abels_RapidILL_JOURNAL</setSpec><setSpec>UNIGE_ALL</setSpec><setSpec>uge_acar_RapidILL_JOURNAL</setSpec></header><metadata>
<record xmlns="http://www.loc.gov/MARC21/slim" xmlns:xsi="http://www.w3.org/2001/XMLSchema-instance" xsi:schemaLocation="http://www.loc.gov/MARC21/slim http://www.loc.gov/standards/marcxml/schema/MARC21slim.xsd"><leader>02427nas a2200565 c 4500</leader><controlfield tag="001">991000781169705502</controlfield><controlfield tag="005">20230629192943.0</controlfield><controlfield tag="008">201011c18889999sz || p|  ||| 0    0ger d</controlfield><datafield ind1=" " ind2=" " tag="019"><subfield code="a">Notices analytiques</subfield><subfield code="5">RERO/iftflu/05.2017</subfield></datafield><datafield ind1=" " ind2=" " tag="022"><subfield code="a">0036-7893</subfield></datafield><datafield ind1=" " ind2=" " tag="035"><subfield code="a">(swissbib)218381301-41slsp_network</subfield></datafield><datafield ind1=" " ind2=" " tag="035"><subfield code="a">218381301</subfield><subfield code="9">ExL</subfield></datafield><datafield ind1=" " ind2=" " tag="035"><subfield code="a">(RERO)0063119-41slsp</subfield></datafield><datafield ind1=" " ind2=" " tag="035"><subfield code="a">(IDSSG)000008523HSB01</subfield></datafield><datafield ind1=" " ind2=" " tag="035"><subfield code="a">(EXLNZ-41SLSP_NETWORK)991025133329705501</subfield></datafield><datafield ind1=" " ind2=" " tag="040"><subfield code="a">RERO</subfield><subfield code="d">CH-ZuSLS</subfield></datafield><datafield ind1="0" ind2=" " tag="041"><subfield code="a">ger</subfield><subfield code="a">fre</subfield><subfield code="a">ita</subfield></datafield><datafield ind1=" " ind2="7" tag="072"><subfield code="a">dr</subfield><subfield code="2">rero</subfield></datafield><datafield ind1=" " ind2=" " tag="084"><subfield code="a">CA/CH 87 f</subfield><subfield code="2">cjurrom</subfield></datafield><datafield ind1="1" ind2="0" tag="210"><subfield code="a">ZStrR = RPS</subfield></datafield><datafield ind1="0" ind2="0" tag="245"><subfield code="a">Schweizerische Zeitschrift für Strafrecht</subfield><subfield code="b">ZStrR = Revue pénale suisse : RPS = Rivista penale svizzera</subfield></datafield><datafield ind1="1" ind2=" " tag="246"><subfield code="a">Zeitschrift für Schweizer Strafrecht</subfield></datafield><datafield ind1="1" ind2=" " tag="246"><subfield code="a">ZStrR</subfield></datafield><datafield ind1="1" ind2=" " tag="246"><subfield code="a">Revue pénale suisse</subfield></datafield><datafield ind1="1" ind2=" " tag="246"><subfield code="a">RPS</subfield></datafield><datafield ind1="1" ind2=" " tag="246"><subfield code="a">Rivista penale svizzera</subfield></datafield><datafield ind1=" " ind2="1" tag="264"><subfield code="a">Bern</subfield><subfield code="b">Stämpfli</subfield></datafield><datafield ind1=" " ind2=" " tag="310"><subfield code="a">Trimestriel</subfield></datafield><datafield ind1=" " ind2=" " tag="336"><subfield code="b">txt</subfield><subfield code="2">rdacontent</subfield></datafield><datafield ind1=" " ind2=" " tag="337"><subfield code="b">n</subfield><subfield code="2">rdamedia</subfield></datafield><datafield ind1=" " ind2=" " tag="338"><subfield code="b">nc</subfield><subfield code="2">rdacarrier</subfield></datafield><datafield ind1="0" ind2=" " tag="362"><subfield code="a">Jg. 9, H. 1/2(1896) -</subfield></datafield><datafield ind1=" " ind2=" " tag="500"><subfield code="a">Titre parallèle en italien dès le tome 100(1983)</subfield></datafield><datafield ind1=" " ind2=" " tag="500"><subfield code="a">Register: Bd. 51-78 ; Bd. 79-90, Bd. 91-117</subfield></datafield><datafield ind1=" " ind2=" " tag="530"><subfield code="a">Existe aussi sous forme électronique</subfield></datafield><datafield ind1=" " ind2=" " tag="580"><subfield code="a">Fait suite à: Zeitschrift für Schweizer Strafrecht</subfield></datafield><datafield ind1=" " ind2="7" tag="650"><subfield code="a">Strafrecht</subfield><subfield code="9">ger</subfield><subfield code="0">(RERO)jurivoc000021776ger</subfield><subfield code="2">jurivoc</subfield></datafield><datafield ind1=" " ind2="7" tag="650"><subfield code="a">Droit pénal</subfield><subfield code="0">(IDREF)027466892</subfield><subfield code="2">idref</subfield></datafield><datafield ind1=" " ind2="7" tag="650"><subfield code="a">Strafverfahrensrecht</subfield><subfield code="0">(DE-588)4116635-8</subfield><subfield code="2">gnd</subfield></datafield><datafield ind1=" " ind2="7" tag="650"><subfield code="a">Strafvollzug</subfield><subfield code="0">(DE-588)4057808-2</subfield><subfield code="2">gnd</subfield></datafield><datafield ind1=" " ind2="7" tag="650"><subfield code="a">Strafrecht</subfield><subfield code="0">(DE-588)4057795-8</subfield><subfield code="2">gnd</subfield></datafield><datafield ind1=" " ind2="7" tag="650"><subfield code="a">Kriminologie</subfield><subfield code="0">(DE-588)4033197-0</subfield><subfield code="2">gnd</subfield></datafield><datafield ind1=" " ind2="7" tag="651"><subfield code="a">Schweiz</subfield><subfield code="9">ger</subfield><subfield code="0">(RERO)jurivoc000019912ger</subfield><subfield code="2">jurivoc</subfield></datafield><datafield ind1=" " ind2="7" tag="651"><subfield code="a">Suisse</subfield><subfield code="0">(IDREF)027249654</subfield><subfield code="2">idref</subfield></datafield><datafield ind1=" " ind2="7" tag="651"><subfield code="a">Schweiz</subfield><subfield code="0">(DE-588)4053881-3</subfield><subfield code="2">gnd</subfield></datafield><datafield ind1=" " ind2="7" tag="655"><subfield code="a">Periodikum</subfield><subfield code="9">ger</subfield><subfield code="2">jurivoc</subfield><subfield code="0">(RERO)jurivoc000017014ger</subfield></datafield><datafield ind1=" " ind2="7" tag="655"><subfield code="a">Périodiques</subfield><subfield code="0">(IDREF)02724640X</subfield><subfield code="2">idref</subfield></datafield><datafield ind1=" " ind2="7" tag="655"><subfield code="a">Zeitschrift</subfield><subfield code="2">gnd-content</subfield></datafield><datafield ind1="0" ind2="0" tag="780"><subfield code="t">Zeitschrift für Schweizer Strafrecht : schweizerisches Centralorgan für Strafrecht, Strafprozessrecht, Gerichtsorganisation, Strafvollzug, Kriminalpolizei, gerichtliche Medizin und Psychiatrie, Kriminalstatistik und Kriminalsoziologie</subfield><subfield code="w">(RERO)bv80022391-41slsp</subfield></datafield><datafield ind1="0" ind2=" " tag="776"><subfield code="t">Schweizerische Zeitschrift für Strafrecht= Revue pénale suisse = Rivista penale svizzera</subfield><subfield code="w">(RERO)bv000917120-41slsp</subfield></datafield><datafield ind1="0" ind2="8" tag="776"><subfield code="i">Online-Ausgabe</subfield><subfield code="w">(IDSSG)000970859HSB01</subfield></datafield></record>
</metadata></record>