<record><header><identifier>oai:alma.41SLSP_UGE:991000781699705502</identifier><datestamp>2023-04-08T00:12:51Z</datestamp><setSpec>uge_bcen_RapidILL_BOOK</setSpec><setSpec>uge_aaca_RapidILL_BOOK</setSpec><setSpec>uge_abels_RapidILL_BOOK</setSpec><setSpec>uge_dbu_RapidILL_BOOK</setSpec><setSpec>uge_cmu_RapidILL_BOOK</setSpec><setSpec>uge_mail_RapidILL_BOOK</setSpec><setSpec>uge_abbat_RapidILL_BOOK</setSpec><setSpec>UNIGE_ALL</setSpec><setSpec>uge_acar_RapidILL_BOOK</setSpec><setSpec>uge_aobs_RapidILL_BOOK</setSpec></header><metadata>
<record xmlns="http://www.loc.gov/MARC21/slim" xmlns:xsi="http://www.w3.org/2001/XMLSchema-instance" xsi:schemaLocation="http://www.loc.gov/MARC21/slim http://www.loc.gov/standards/marcxml/schema/MARC21slim.xsd"><leader>02864nam a2200709 c 4500</leader><controlfield tag="001">991000781699705502</controlfield><controlfield tag="005">20230407123725.0</controlfield><controlfield tag="008">201012s2002    ne ||||| |||| 01| ||eng d</controlfield><datafield ind1=" " ind2=" " tag="015"><subfield code="a">GBA2-U6325</subfield></datafield><datafield ind1="7" ind2=" " tag="016"><subfield code="a">0792368282</subfield><subfield code="2">Uk</subfield></datafield><datafield ind1=" " ind2=" " tag="020"><subfield code="a">0792368282</subfield><subfield code="c">EUR 119.-</subfield></datafield><datafield ind1=" " ind2=" " tag="035"><subfield code="a">(swissbib)236921878-41slsp_network</subfield></datafield><datafield ind1=" " ind2=" " tag="035"><subfield code="a">236921878</subfield><subfield code="9">ExL</subfield></datafield><datafield ind1=" " ind2=" " tag="035"><subfield code="a">(RERO)R003294453-41slsp</subfield></datafield><datafield ind1=" " ind2=" " tag="035"><subfield code="a">(IDSLU)000275662ILU01</subfield></datafield><datafield ind1=" " ind2=" " tag="035"><subfield code="a">(NEBIS)004462010EBI01</subfield></datafield><datafield ind1=" " ind2=" " tag="035"><subfield code="a">(EXLNZ-41SLSP_NETWORK)991086511639705501</subfield></datafield><datafield ind1=" " ind2=" " tag="040"><subfield code="a">RERO frbcuc</subfield><subfield code="d">CH-ZuSLS</subfield></datafield><datafield ind1=" " ind2="7" tag="072"><subfield code="a">ph</subfield><subfield code="2">rero</subfield></datafield><datafield ind1=" " ind2="7" tag="072"><subfield code="a">me</subfield><subfield code="2">rero</subfield></datafield><datafield ind1=" " ind2="7" tag="072"><subfield code="a">750</subfield><subfield code="2">IDS LU</subfield></datafield><datafield ind1="0" ind2="0" tag="082"><subfield code="a">174.2</subfield><subfield code="2">22</subfield></datafield><datafield ind1="0" ind2="4" tag="082"><subfield code="a">174.957</subfield><subfield code="2">21</subfield></datafield><datafield ind1="0" ind2="0" tag="245"><subfield code="a">Bioethics and moral content: national traditions of health care morality</subfield><subfield code="b">papers dedicated in tribute to Kazumasa Hoshino</subfield><subfield code="c">ed. by H. Tristram Engelhardt, Jr. and Lisa M. Rasmussen</subfield></datafield><datafield ind1=" " ind2="1" tag="264"><subfield code="a">Dordrecht [etc.]</subfield><subfield code="b">Kluwer</subfield><subfield code="c">[2002]</subfield></datafield><datafield ind1=" " ind2="4" tag="264"><subfield code="c">© 2002</subfield></datafield><datafield ind1=" " ind2=" " tag="300"><subfield code="a">VI, 297 p.</subfield><subfield code="c">23 cm</subfield></datafield><datafield ind1=" " ind2=" " tag="336"><subfield code="b">txt</subfield><subfield code="2">rdacontent</subfield></datafield><datafield ind1=" " ind2=" " tag="337"><subfield code="b">n</subfield><subfield code="2">rdamedia</subfield></datafield><datafield ind1=" " ind2=" " tag="338"><subfield code="b">nc</subfield><subfield code="2">rdacarrier</subfield></datafield><datafield ind1="1" ind2=" " tag="490"><subfield code="a">Philosophy and medicine</subfield><subfield code="v">vol. 74.</subfield><subfield code="a">Asian studies in bioethics and the philosophy of medicine</subfield><subfield code="v">3</subfield></datafield><datafield ind1="1" ind2="0" tag="600"><subfield code="a">Hoshino, Kazumasa</subfield></datafield><datafield ind1=" " ind2="7" tag="650"><subfield code="a">Bioéthique</subfield><subfield code="0">(IDREF)027576124</subfield><subfield code="2">idref</subfield></datafield><datafield ind1=" " ind2="7" tag="650"><subfield code="a">Double nationalité</subfield><subfield code="0">(IDREF)027883043</subfield><subfield code="2">idref</subfield></datafield><datafield ind1=" " ind2="7" tag="650"><subfield code="a">Bioethik</subfield><subfield code="0">(DE-588)4006791-9</subfield><subfield code="2">gnd</subfield></datafield><datafield ind1=" " ind2="7" tag="650"><subfield code="a">Kulturvergleich</subfield><subfield code="0">(DE-588)4114328-0</subfield><subfield code="2">gnd</subfield></datafield><datafield ind1=" " ind2="7" tag="650"><subfield code="a">Medizinische Ethik</subfield><subfield code="0">(DE-588)4074672-0</subfield><subfield code="2">gnd</subfield></datafield><datafield ind1=" " ind2="0" tag="650"><subfield code="a">Bioethics</subfield><subfield code="v">Cross-cultural studies</subfield></datafield><datafield ind1=" " ind2="7" tag="650"><subfield code="a">Kulturvergleich</subfield><subfield code="2">idszbz</subfield></datafield><datafield ind1=" " ind2="7" tag="650"><subfield code="a">Kulturelle Identität</subfield><subfield code="0">(DE-588)4033542-2</subfield><subfield code="2">gnd</subfield></datafield><datafield ind1=" " ind2="7" tag="650"><subfield code="a">Medizinische Ethik</subfield><subfield code="2">idszbz</subfield></datafield><datafield ind1=" " ind2="0" tag="650"><subfield code="a">Bioethics</subfield></datafield><datafield ind1=" " ind2="0" tag="650"><subfield code="a">Medical ethics</subfield></datafield><datafield ind1=" " ind2="0" tag="650"><subfield code="a">Medicine</subfield><subfield code="x">Philosophy</subfield></datafield><datafield ind1=" " ind2="7" tag="655"><subfield code="a">[Études diverses]</subfield><subfield code="0">(RERO)A022249905</subfield><subfield code="2">rero</subfield></datafield><datafield ind1=" " ind2="7" tag="655"><subfield code="a">Festschrift</subfield><subfield code="2">gnd-content</subfield></datafield><datafield ind1=" " ind2="7" tag="655"><subfield code="a">Aufsatzsammlung</subfield><subfield code="2">gnd-content</subfield></datafield><datafield ind1=" " ind2="7" tag="655"><subfield code="a">Aufsatzsammlung</subfield><subfield code="2">idszbz</subfield></datafield><datafield ind1=" " ind2=" " tag="690"><subfield code="a">Bioethik</subfield><subfield code="2">uzb-UH</subfield></datafield><datafield ind1=" " ind2=" " tag="690"><subfield code="a">Pluralismus</subfield><subfield code="2">uzb-UH</subfield></datafield><datafield ind1=" " ind2=" " tag="690"><subfield code="a">Kultur</subfield><subfield code="2">uzb-UH</subfield></datafield><datafield ind1="1" ind2=" " tag="700"><subfield code="a">Engelhardt, Hugo Tristram</subfield><subfield code="d">1941-2018</subfield><subfield code="0">(DE-588)119132419</subfield></datafield><datafield ind1="1" ind2=" " tag="700"><subfield code="a">Engelhardt, H. Tristram</subfield><subfield code="0">(RERO)A006259906</subfield></datafield><datafield ind1="1" ind2=" " tag="700"><subfield code="a">Hoshino, Kazumasa</subfield><subfield code="0">(RERO)A003384251</subfield></datafield><datafield ind1="4" ind2=" " tag="856"><subfield code="3">Inhaltsverzeichnis</subfield><subfield code="u">https://www.ub.unibas.ch/tox/HBZ/HT013545324/PDF</subfield><subfield code="q">pdf</subfield></datafield><datafield ind1="4" ind2=" " tag="856"><subfield code="3">Abstract / Autoreninformation</subfield><subfield code="u">https://toc.library.ethz.ch/objects/pdf/000072145_e01_0792368282_02.pdf</subfield><subfield code="q">pdf</subfield></datafield><datafield ind1=" " ind2=" " tag="830"><subfield code="a">Philosophy and medicine</subfield><subfield code="v">74</subfield><subfield code="w">(IDSLU)000281234ILU01</subfield></datafield><datafield ind1=" " ind2=" " tag="830"><subfield code="a">Philosophy and medicine</subfield><subfield code="v">74</subfield><subfield code="w">(NEBIS)000023374EBI01</subfield></datafield><datafield ind1=" " ind2=" " tag="900"><subfield code="a">REROnoselfmerge</subfield></datafield><datafield ind1=" " ind2=" " tag="900"><subfield code="a">IDSZ2zbzmon200304f</subfield><subfield code="c">IDSZ2staub</subfield><subfield code="d">IDSZ2zbzswk200310b</subfield><subfield code="e">IDSZ2baur</subfield></datafield><datafield ind1=" " ind2=" " tag="911"><subfield code="a">1 $aEngelhardt, H. Tristram$q(Hugo Tristram),$d1941-</subfield></datafield><datafield ind1=" " ind2=" " tag="949"><subfield code="a">https://toc.library.ethz.ch/objects/pdf/000072145_e01_0792368282_02.pdf</subfield></datafield><datafield ind1=" " ind2=" " tag="949"><subfield code="a">https://www.ub.unibas.ch/tox/HBZ/HT013545324/PDF</subfield></datafield></record>
</metadata></record>