<record><header><identifier>oai:alma.41SLSP_UGE:991000781389705502</identifier><datestamp>2024-01-21T01:20:28Z</datestamp><setSpec>uge_bcen_RapidILL_BOOK</setSpec><setSpec>uge_aaca_RapidILL_BOOK</setSpec><setSpec>uge_abels_RapidILL_BOOK</setSpec><setSpec>uge_dbu_RapidILL_BOOK</setSpec><setSpec>uge_cmu_RapidILL_BOOK</setSpec><setSpec>uge_mail_RapidILL_BOOK</setSpec><setSpec>UNIGE_ALL</setSpec><setSpec>uge_abbat_RapidILL_BOOK</setSpec><setSpec>uge_acar_RapidILL_BOOK</setSpec><setSpec>uge_aobs_RapidILL_BOOK</setSpec></header><metadata>
<record xmlns="http://www.loc.gov/MARC21/slim" xmlns:xsi="http://www.w3.org/2001/XMLSchema-instance" xsi:schemaLocation="http://www.loc.gov/MARC21/slim http://www.loc.gov/standards/marcxml/schema/MARC21slim.xsd"><leader>01363nam a22003377c 4500</leader><controlfield tag="001">991000781389705502</controlfield><controlfield tag="005">20230401231743.0</controlfield><controlfield tag="008">050502s2005    fr ||||| |||| 10| ||eng d</controlfield><datafield ind1=" " ind2=" " tag="020"><subfield code="a">9264008780</subfield></datafield><datafield ind1=" " ind2=" " tag="035"><subfield code="a">(swissbib)101871384-41slsp_network</subfield></datafield><datafield ind1=" " ind2=" " tag="035"><subfield code="a">101871384</subfield><subfield code="9">ExL</subfield></datafield><datafield ind1=" " ind2=" " tag="035"><subfield code="a">(RERO)R003832910-41slsp</subfield></datafield><datafield ind1=" " ind2=" " tag="035"><subfield code="a">(EXLNZ-41SLSP_NETWORK)991094726949705501</subfield></datafield><datafield ind1=" " ind2=" " tag="040"><subfield code="a">RERO frbcuc</subfield><subfield code="d">CH-ZuSLS</subfield></datafield><datafield ind1=" " ind2="7" tag="072"><subfield code="a">ur</subfield><subfield code="2">rero</subfield></datafield><datafield ind1=" " ind2="7" tag="072"><subfield code="a">in</subfield><subfield code="2">rero</subfield></datafield><datafield ind1="0" ind2="0" tag="245"><subfield code="a">Management of uncertainty in safety cases and the role of risk</subfield><subfield code="b">workshop proceedings: Stockholm, Sweden, 2-4 February 2004</subfield><subfield code="c">hosted by The Swedish Radiation Protection Agency (SSI)</subfield></datafield><datafield ind1=" " ind2="1" tag="264"><subfield code="a">Paris</subfield><subfield code="b">Nuclear Energy Agency</subfield><subfield code="c">[2005]</subfield></datafield><datafield ind1=" " ind2="4" tag="264"><subfield code="c">© 2005</subfield></datafield><datafield ind1=" " ind2=" " tag="300"><subfield code="a">234 p.</subfield><subfield code="c">27 cm</subfield></datafield><datafield ind1=" " ind2=" " tag="336"><subfield code="b">txt</subfield><subfield code="2">rdacontent</subfield></datafield><datafield ind1=" " ind2=" " tag="337"><subfield code="b">n</subfield><subfield code="2">rdamedia</subfield></datafield><datafield ind1=" " ind2=" " tag="338"><subfield code="b">nc</subfield><subfield code="2">rdacarrier</subfield></datafield><datafield ind1=" " ind2=" " tag="500"><subfield code="a">En tête de la page de titre: Radioactive waste management</subfield></datafield><datafield ind1=" " ind2="7" tag="650"><subfield code="a">analyse d'impact</subfield><subfield code="0">(RERO)A009957381</subfield><subfield code="2">rerovoc</subfield></datafield><datafield ind1=" " ind2="7" tag="650"><subfield code="a">Énergie nucléaire</subfield><subfield code="0">(IDREF)027233219</subfield><subfield code="2">idref</subfield></datafield><datafield ind1=" " ind2="7" tag="650"><subfield code="a">Radioprotection</subfield><subfield code="0">(IDREF)027425177</subfield><subfield code="2">idref</subfield></datafield><datafield ind1=" " ind2="7" tag="650"><subfield code="a">Déchets radioactifs</subfield><subfield code="x">Élimination</subfield><subfield code="0">(IDREF)027301672</subfield><subfield code="2">idref</subfield></datafield><datafield ind1=" " ind2="7" tag="655"><subfield code="a">[Études diverses]</subfield><subfield code="0">(RERO)A022249905</subfield><subfield code="2">rero</subfield></datafield><datafield ind1="2" ind2=" " tag="710"><subfield code="a">Agence de l'OCDE pour l'énergie nucléaire</subfield><subfield code="g">1972-....</subfield><subfield code="0">(IDREF)026487780</subfield></datafield><datafield ind1="2" ind2=" " tag="710"><subfield code="a">Statens strålskyddsinstitut (Stockholm)</subfield><subfield code="0">(RERO)A005493970</subfield></datafield><datafield ind1=" " ind2=" " tag="900"><subfield code="a">REROnoselfmerge</subfield></datafield></record>
</metadata></record>