<record><header><identifier>oai:alma.41SLSP_UGE:991000780589705502</identifier><datestamp>2024-03-28T01:18:23Z</datestamp><setSpec>uge_bcen_RapidILL_BOOK</setSpec><setSpec>uge_aaca_RapidILL_BOOK</setSpec><setSpec>uge_abels_RapidILL_BOOK</setSpec><setSpec>uge_dbu_RapidILL_BOOK</setSpec><setSpec>uge_cmu_RapidILL_BOOK</setSpec><setSpec>uge_mail_RapidILL_BOOK</setSpec><setSpec>uge_abbat_RapidILL_BOOK</setSpec><setSpec>UNIGE_ALL</setSpec><setSpec>uge_acar_RapidILL_BOOK</setSpec><setSpec>uge_aobs_RapidILL_BOOK</setSpec></header><metadata>
<record xmlns="http://www.loc.gov/MARC21/slim" xmlns:xsi="http://www.w3.org/2001/XMLSchema-instance" xsi:schemaLocation="http://www.loc.gov/MARC21/slim http://www.loc.gov/standards/marcxml/schema/MARC21slim.xsd"><leader>02560nam a22003617c 4500</leader><controlfield tag="001">991000780589705502</controlfield><controlfield tag="005">20230122165321.0</controlfield><controlfield tag="008">100601s2010    fr ||||| |||| 00| ||fre d</controlfield><datafield ind1=" " ind2=" " tag="020"><subfield code="a">9782749212111</subfield></datafield><datafield ind1="7" ind2=" " tag="024"><subfield code="a">http://catalogue.bnf.fr/ark:/12148/cb42187854d</subfield><subfield code="2">uri</subfield></datafield><datafield ind1=" " ind2=" " tag="035"><subfield code="a">(swissbib)110416953-41slsp_network</subfield></datafield><datafield ind1=" " ind2=" " tag="035"><subfield code="a">110416953</subfield><subfield code="9">ExL</subfield></datafield><datafield ind1=" " ind2=" " tag="035"><subfield code="a">(RERO)R005457438-41slsp</subfield></datafield><datafield ind1=" " ind2=" " tag="035"><subfield code="a">(EXLNZ-41SLSP_NETWORK)991025226869705501</subfield></datafield><datafield ind1=" " ind2=" " tag="040"><subfield code="a">RERO geies-</subfield><subfield code="d">CH-ZuSLS</subfield></datafield><datafield ind1=" " ind2="7" tag="072"><subfield code="a">ps</subfield><subfield code="2">rero</subfield></datafield><datafield ind1=" " ind2="7" tag="072"><subfield code="a">pe</subfield><subfield code="2">rero</subfield></datafield><datafield ind1="0" ind2="0" tag="245"><subfield code="a">&lt;&lt;L'&gt;&gt;enfant et les apprentissages malmenés</subfield><subfield code="b">quand lire, écrire, compter est un problème</subfield><subfield code="c">sous la dir. de Marika Bergès-Bounes et Jean-Marie Forget ; en collab. avec Sandrine Calmettes-Jean ... [et al.]</subfield></datafield><datafield ind1=" " ind2="1" tag="264"><subfield code="a">Toulouse</subfield><subfield code="b">Erès</subfield><subfield code="c">2010</subfield></datafield><datafield ind1=" " ind2=" " tag="300"><subfield code="a">283 p.</subfield></datafield><datafield ind1=" " ind2=" " tag="336"><subfield code="b">txt</subfield><subfield code="2">rdacontent</subfield></datafield><datafield ind1=" " ind2=" " tag="337"><subfield code="b">n</subfield><subfield code="2">rdamedia</subfield></datafield><datafield ind1=" " ind2=" " tag="338"><subfield code="b">nc</subfield><subfield code="2">rdacarrier</subfield></datafield><datafield ind1="0" ind2=" " tag="490"><subfield code="a">Psychanalyse et clinique</subfield></datafield><datafield ind1=" " ind2=" " tag="504"><subfield code="a">Bibliogr.: p. 277-280</subfield></datafield><datafield ind1="8" ind2=" " tag="520"><subfield code="a">Dans les apprentissages scolaires, l'enfant éprouve sa place singulière, dans son corps, à partir de son histoire et des coordonnées de sa famille. Le brassage socioculturel actuel met parfois les enfants en difficulté en les écartelant entre des logiques radicalement distinctes, suscitant des tensions difficiles à se représenter, pour eux, pour leurs proches comme pour leurs professeurs. La complexité des difficultés d'apprentissage engage chaque professionnel dans une quête d'outils de compréhension pour identifier soigneusement la diversité de leur expression et pour se garder de les cataloguer trop hâtivement. Il s'agit aussi de chercher à susciter la curiosité de l'enfant à l'égard du savoir plutôt que de penser réduire les handicaps scolaires par une surenchère pédagogique ou par des aménagements qui ne tiennent pas compte de la singularité des élèves. Cet ouvrage propose les repères théoriques nécessaires à une telle approche et expose des expériences de terrain. Il s'adresse à tous ceux qui, dans le domaine de l'éducation et du soin, cherchent à susciter chez l'enfant l'accès au savoir</subfield><subfield code="5">RERO/njhep-/09.2011</subfield></datafield><datafield ind1=" " ind2="7" tag="650"><subfield code="a">difficultés scolaires</subfield><subfield code="0">(RERO)A009953732</subfield><subfield code="2">rerovoc</subfield></datafield><datafield ind1=" " ind2="7" tag="650"><subfield code="a">Troubles de l'apprentissage</subfield><subfield code="0">(IDREF)027510662</subfield><subfield code="2">idref</subfield></datafield><datafield ind1=" " ind2="7" tag="650"><subfield code="a">Enfants</subfield><subfield code="0">(IDREF)027233278</subfield><subfield code="2">idref</subfield></datafield><datafield ind1=" " ind2="7" tag="650"><subfield code="a">Psychologie de l'éducation</subfield><subfield code="0">(IDREF)027241688</subfield><subfield code="2">idref</subfield></datafield><datafield ind1="1" ind2=" " tag="700"><subfield code="a">Bergès-Bounes, Marika</subfield><subfield code="d">19..-....</subfield><subfield code="0">(IDREF)026744538</subfield></datafield><datafield ind1="1" ind2=" " tag="700"><subfield code="a">Forget, Jean-Marie</subfield><subfield code="d">19..-....</subfield><subfield code="0">(IDREF)059545682</subfield></datafield><datafield ind1="1" ind2=" " tag="700"><subfield code="a">Calmettes-Jean, Sandrine</subfield><subfield code="d">19..-....</subfield><subfield code="0">(IDREF)086036106</subfield></datafield><datafield ind1=" " ind2=" " tag="900"><subfield code="a">REROnoselfmerge</subfield></datafield></record>
</metadata></record>