<record><header><identifier>oai:alma.41SLSP_UGE:991000780489705502</identifier><datestamp>2023-03-01T01:10:15Z</datestamp><setSpec>uge_bcen_RapidILL_BOOK</setSpec><setSpec>uge_aaca_RapidILL_BOOK</setSpec><setSpec>uge_abels_RapidILL_BOOK</setSpec><setSpec>uge_dbu_RapidILL_BOOK</setSpec><setSpec>uge_cmu_RapidILL_BOOK</setSpec><setSpec>uge_mail_RapidILL_BOOK</setSpec><setSpec>UNIGE_ALL</setSpec><setSpec>uge_abbat_RapidILL_BOOK</setSpec><setSpec>uge_aobs_RapidILL_BOOK</setSpec><setSpec>uge_acar_RapidILL_BOOK</setSpec></header><metadata>
<record xmlns="http://www.loc.gov/MARC21/slim" xmlns:xsi="http://www.w3.org/2001/XMLSchema-instance" xsi:schemaLocation="http://www.loc.gov/MARC21/slim http://www.loc.gov/standards/marcxml/schema/MARC21slim.xsd"><leader>01917nam a2200505uc 4500</leader><controlfield tag="001">991000780489705502</controlfield><controlfield tag="005">20201222225909.0</controlfield><controlfield tag="008">201011s1995    xxu    |      00| ||eng|d</controlfield><datafield ind1=" " ind2=" " tag="020"><subfield code="a">0309051967</subfield></datafield><datafield ind1="7" ind2=" " tag="024"><subfield code="a">http://catalogue.bnf.fr/ark:/12148/cb374786769</subfield><subfield code="2">uri</subfield></datafield><datafield ind1=" " ind2=" " tag="035"><subfield code="a">(swissbib)224150375-41slsp_network</subfield></datafield><datafield ind1=" " ind2=" " tag="035"><subfield code="a">224150375</subfield><subfield code="9">ExL</subfield></datafield><datafield ind1=" " ind2=" " tag="035"><subfield code="a">(NEBIS)001451205EBI01</subfield></datafield><datafield ind1=" " ind2=" " tag="035"><subfield code="a">(RERO)R004112770-41slsp</subfield></datafield><datafield ind1=" " ind2=" " tag="035"><subfield code="a">(IDSBB)001136213DSV01</subfield></datafield><datafield ind1=" " ind2=" " tag="035"><subfield code="a">(EXLNZ-41SLSP_NETWORK)991129549799705501</subfield></datafield><datafield ind1=" " ind2=" " tag="040"><subfield code="a">ETH-BIB</subfield><subfield code="b">ger</subfield><subfield code="e">ETHICS-ISBD</subfield><subfield code="d">CH-ZuSLS</subfield></datafield><datafield ind1=" " ind2="7" tag="072"><subfield code="a">me</subfield><subfield code="2">rero</subfield></datafield><datafield ind1=" " ind2="7" tag="072"><subfield code="a">sg</subfield><subfield code="2">rero</subfield></datafield><datafield ind1=" " ind2="7" tag="072"><subfield code="a">nw</subfield><subfield code="2">SzZuIDS BS/BE</subfield></datafield><datafield ind1=" " ind2="7" tag="072"><subfield code="a">ph</subfield><subfield code="2">SzZuIDS BS/BE</subfield></datafield><datafield ind1="1" ind2="4" tag="082"><subfield code="a">500</subfield><subfield code="2">15</subfield></datafield><datafield ind1="0" ind2="0" tag="245"><subfield code="a">On being a scientist</subfield><subfield code="b">responsible conduct in research</subfield><subfield code="c">Committee on Science, Engineering, and Public Policy ... [et al.]</subfield></datafield><datafield ind1=" " ind2=" " tag="250"><subfield code="a">[Second ed.]</subfield></datafield><datafield ind1=" " ind2="1" tag="264"><subfield code="a">Washington, DC</subfield><subfield code="b">National Academy Press</subfield><subfield code="c">1995</subfield></datafield><datafield ind1=" " ind2=" " tag="300"><subfield code="a">27 S.</subfield><subfield code="c">28 cm</subfield><subfield code="b">Ill.</subfield></datafield><datafield ind1=" " ind2=" " tag="336"><subfield code="b">txt</subfield><subfield code="2">rdacontent</subfield></datafield><datafield ind1=" " ind2=" " tag="337"><subfield code="b">n</subfield><subfield code="2">rdamedia</subfield></datafield><datafield ind1=" " ind2=" " tag="338"><subfield code="b">nc</subfield><subfield code="2">rdacarrier</subfield></datafield><datafield ind1=" " ind2=" " tag="500"><subfield code="a">andere Ausgabe: On being a scientist</subfield></datafield><datafield ind1=" " ind2="7" tag="650"><subfield code="a">BERUFSETHIK</subfield><subfield code="9">ger</subfield><subfield code="0">(ETHUDK)000009760</subfield><subfield code="2">ethudk</subfield></datafield><datafield ind1=" " ind2="7" tag="650"><subfield code="a">NATURWISSENSCHAFTLER, NATURWISSENSCHAFTLERINNEN</subfield><subfield code="9">ger</subfield><subfield code="0">(ETHUDK)000012371</subfield><subfield code="2">ethudk</subfield></datafield><datafield ind1=" " ind2="7" tag="650"><subfield code="a">WISSENSCHAFTLICHE FORSCHUNG</subfield><subfield code="9">ger</subfield><subfield code="0">(ETHUDK)000009007</subfield><subfield code="2">ethudk</subfield></datafield><datafield ind1=" " ind2="2" tag="650"><subfield code="a">Ethics, Research</subfield></datafield><datafield ind1=" " ind2="2" tag="650"><subfield code="a">Scientific Misconduct</subfield></datafield><datafield ind1=" " ind2="2" tag="650"><subfield code="a">Research Personnel</subfield><subfield code="x">ethics</subfield></datafield><datafield ind1=" " ind2="2" tag="650"><subfield code="a">Authorship</subfield></datafield><datafield ind1=" " ind2="2" tag="650"><subfield code="a">Malpractice</subfield></datafield><datafield ind1=" " ind2="2" tag="650"><subfield code="a">Science</subfield><subfield code="x">ethics</subfield></datafield><datafield ind1=" " ind2="7" tag="650"><subfield code="a">Ethik</subfield><subfield code="x">Wissenschaft</subfield><subfield code="2">idsbb</subfield></datafield><datafield ind1=" " ind2="7" tag="650"><subfield code="a">Wissenschaft</subfield><subfield code="x">Ethik</subfield><subfield code="2">idsbb</subfield></datafield><datafield ind1="1" ind2=" " tag="700"><subfield code="a">Olson, Steve</subfield></datafield><datafield ind1="2" ind2=" " tag="710"><subfield code="a">Committee on Science, Engineering, and Public Policy (U.S.)</subfield><subfield code="0">(RERO)A023141002</subfield></datafield><datafield ind1="2" ind2=" " tag="710"><subfield code="a">National Academies</subfield><subfield code="b">Committee on Science, Engineering, and Public Policy</subfield><subfield code="0">(DE-588)6078294-8</subfield></datafield><datafield ind1="2" ind2=" " tag="710"><subfield code="a">Committee on Science, Engineering, and Public Policy</subfield><subfield code="g">Washington, DC</subfield><subfield code="0">(DE-588)667520-7</subfield></datafield><datafield ind1=" " ind2=" " tag="900"><subfield code="a">REROnoselfmerge</subfield></datafield></record>
</metadata></record>