<record><header><identifier>oai:alma.41SLSP_UGE:991000780279705502</identifier><datestamp>2023-03-01T01:10:15Z</datestamp><setSpec>uge_bcen_RapidILL_BOOK</setSpec><setSpec>uge_aaca_RapidILL_BOOK</setSpec><setSpec>uge_abels_RapidILL_BOOK</setSpec><setSpec>uge_dbu_RapidILL_BOOK</setSpec><setSpec>uge_cmu_RapidILL_BOOK</setSpec><setSpec>uge_mail_RapidILL_BOOK</setSpec><setSpec>UNIGE_ALL</setSpec><setSpec>uge_abbat_RapidILL_BOOK</setSpec><setSpec>uge_aobs_RapidILL_BOOK</setSpec><setSpec>uge_acar_RapidILL_BOOK</setSpec></header><metadata>
<record xmlns="http://www.loc.gov/MARC21/slim" xmlns:xsi="http://www.w3.org/2001/XMLSchema-instance" xsi:schemaLocation="http://www.loc.gov/MARC21/slim http://www.loc.gov/standards/marcxml/schema/MARC21slim.xsd"><leader>01319naa a2200313 c 4500</leader><controlfield tag="001">991000780279705502</controlfield><controlfield tag="005">20211014185125.0</controlfield><controlfield tag="008">000930s1995    xxu||||| |||| 00| ||eng d</controlfield><datafield ind1=" " ind2=" " tag="035"><subfield code="a">(swissbib)09093573X-41slsp_network</subfield></datafield><datafield ind1=" " ind2=" " tag="035"><subfield code="a">09093573X</subfield><subfield code="9">ExL</subfield></datafield><datafield ind1=" " ind2=" " tag="035"><subfield code="a">(RERO)2156871-41slsp</subfield></datafield><datafield ind1=" " ind2=" " tag="035"><subfield code="a">(EXLNZ-41SLSP_NETWORK)991025746219705501</subfield></datafield><datafield ind1=" " ind2=" " tag="040"><subfield code="a">RERO geubib</subfield><subfield code="d">CH-ZuSLS</subfield></datafield><datafield ind1=" " ind2="7" tag="072"><subfield code="a">me</subfield><subfield code="2">rero</subfield></datafield><datafield ind1="0" ind2="0" tag="245"><subfield code="a">Differential protein expression in aortic smooth muscle cells cultured from newborn and aged rats</subfield><subfield code="c">Ottavio Cremona... [et al.]</subfield></datafield><datafield ind1=" " ind2=" " tag="336"><subfield code="b">txt</subfield><subfield code="2">rdacontent</subfield></datafield><datafield ind1=" " ind2=" " tag="337"><subfield code="b">n</subfield><subfield code="2">rdamedia</subfield></datafield><datafield ind1=" " ind2=" " tag="338"><subfield code="b">nc</subfield><subfield code="2">rdacarrier</subfield></datafield><datafield ind1=" " ind2=" " tag="508"><subfield code="a">Autre(s) auteur(s): Marco Muda, Ron D. Appel, Séverine Frutiger, Graham J. Hughes, Denis F. Hochstrasser, Antoine Geinoz, and Giulio Gabbiani</subfield></datafield><datafield ind1=" " ind2=" " tag="580"><subfield code="a">In: Experimental cell research. - New York. - Vol. 217(1995), p. 280-287</subfield></datafield><datafield ind1="1" ind2=" " tag="700"><subfield code="a">Cremona, Ottavio</subfield><subfield code="0">(RERO)A003143206</subfield></datafield><datafield ind1="1" ind2=" " tag="700"><subfield code="a">Muda, Marco</subfield><subfield code="0">(RERO)A003616328</subfield></datafield><datafield ind1="1" ind2=" " tag="700"><subfield code="a">Appel, Ron David</subfield><subfield code="d">19..-....</subfield><subfield code="0">(IDREF)251464903</subfield></datafield><datafield ind1="1" ind2=" " tag="700"><subfield code="a">Frutiger, Séverine</subfield><subfield code="0">(IDREF)244013640</subfield></datafield><datafield ind1="1" ind2=" " tag="700"><subfield code="a">Hughes, Graham J</subfield><subfield code="0">(RERO)A003388713</subfield></datafield><datafield ind1="1" ind2=" " tag="700"><subfield code="a">Hochstrasser, Denis F.</subfield><subfield code="0">(IDREF)088927830</subfield></datafield><datafield ind1="1" ind2=" " tag="700"><subfield code="a">Geinoz, Antoine</subfield><subfield code="c">médecin</subfield><subfield code="0">(RERO)A012381858</subfield></datafield><datafield ind1="1" ind2=" " tag="700"><subfield code="a">Gabbiani, Giulio</subfield><subfield code="d">1937-....</subfield><subfield code="0">(IDREF)068530196</subfield></datafield><datafield ind1="0" ind2=" " tag="773"><subfield code="t">Experimental cell research</subfield><subfield code="g">217/280</subfield></datafield><datafield ind1=" " ind2=" " tag="900"><subfield code="a">REROnoselfmerge</subfield></datafield></record>
</metadata></record>