<record><header><identifier>oai:alma.41SLSP_UGE:991000780469705502</identifier><datestamp>2023-11-25T02:21:01Z</datestamp><setSpec>uge_bcen_RapidILL_BOOK</setSpec><setSpec>uge_aaca_RapidILL_BOOK</setSpec><setSpec>uge_abels_RapidILL_BOOK</setSpec><setSpec>uge_dbu_RapidILL_BOOK</setSpec><setSpec>uge_cmu_RapidILL_BOOK</setSpec><setSpec>uge_mail_RapidILL_BOOK</setSpec><setSpec>uge_abbat_RapidILL_BOOK</setSpec><setSpec>UNIGE_ALL</setSpec><setSpec>uge_acar_RapidILL_BOOK</setSpec><setSpec>uge_aobs_RapidILL_BOOK</setSpec></header><metadata>
<record xmlns="http://www.loc.gov/MARC21/slim" xmlns:xsi="http://www.w3.org/2001/XMLSchema-instance" xsi:schemaLocation="http://www.loc.gov/MARC21/slim http://www.loc.gov/standards/marcxml/schema/MARC21slim.xsd"><leader>04977nam a2200853 c 4500</leader><controlfield tag="001">991000780469705502</controlfield><controlfield tag="005">20230630215431.0</controlfield><controlfield tag="008">201011s2003    sz       l    00| | eng|d</controlfield><datafield ind1=" " ind2=" " tag="015"><subfield code="a">GFR-DNB-03,N51,0858</subfield></datafield><datafield ind1="7" ind2=" " tag="016"><subfield code="a">969429509</subfield><subfield code="2">GyFmDB</subfield></datafield><datafield ind1=" " ind2=" " tag="020"><subfield code="a">3727292598</subfield><subfield code="q">Gb.</subfield><subfield code="c">CHF 68.00, EUR 45.80</subfield></datafield><datafield ind1=" " ind2=" " tag="035"><subfield code="a">(swissbib)218801629-41slsp_network</subfield></datafield><datafield ind1=" " ind2=" " tag="035"><subfield code="a">218801629</subfield><subfield code="9">ExL</subfield></datafield><datafield ind1=" " ind2=" " tag="035"><subfield code="a">(IDSLU)000349713ILU01</subfield></datafield><datafield ind1=" " ind2=" " tag="035"><subfield code="a">(IDSBB)003087354DSV01</subfield></datafield><datafield ind1=" " ind2=" " tag="035"><subfield code="a">(RERO)R003554820-41slsp</subfield></datafield><datafield ind1=" " ind2=" " tag="035"><subfield code="a">(NEBIS)004634112EBI01</subfield></datafield><datafield ind1=" " ind2=" " tag="035"><subfield code="a">(IDSSG)000283940HSB01</subfield></datafield><datafield ind1=" " ind2=" " tag="035"><subfield code="a">(DDB)969429509</subfield></datafield><datafield ind1=" " ind2=" " tag="035"><subfield code="a">(ALEX)bv000836897</subfield></datafield><datafield ind1=" " ind2=" " tag="035"><subfield code="a">(EXLNZ-41SLSP_NETWORK)991084395089705501</subfield></datafield><datafield ind1=" " ind2=" " tag="040"><subfield code="a">DDB</subfield><subfield code="e">kids</subfield><subfield code="d">CH-ZuSLS</subfield></datafield><datafield ind1=" " ind2=" " tag="044"><subfield code="a">sz</subfield><subfield code="c">ch-be</subfield></datafield><datafield ind1=" " ind2="7" tag="072"><subfield code="a">840</subfield><subfield code="2">IDS LU</subfield></datafield><datafield ind1=" " ind2="7" tag="072"><subfield code="a">rw</subfield><subfield code="2">SzZuIDS BS/BE</subfield></datafield><datafield ind1=" " ind2="7" tag="072"><subfield code="a">dr</subfield><subfield code="2">rero</subfield></datafield><datafield ind1="1" ind2="4" tag="082"><subfield code="a">340</subfield><subfield code="2">15</subfield></datafield><datafield ind1=" " ind2=" " tag="084"><subfield code="a">CA/CH 82 g</subfield><subfield code="2">cjurrom</subfield></datafield><datafield ind1=" " ind2=" " tag="084"><subfield code="a">CA/CH 85 g</subfield><subfield code="2">cjurrom</subfield></datafield><datafield ind1="1" ind2=" " tag="100"><subfield code="6">880-01</subfield><subfield code="a">Giger, Hans</subfield><subfield code="d">1929-....</subfield><subfield code="0">(IDREF)03334874X</subfield><subfield code="4">cre</subfield></datafield><datafield ind1="1" ind2=" " tag="880"><subfield code="a">Giger, Hans</subfield><subfield code="d">1929-</subfield><subfield code="0">(DE-588)118890484</subfield><subfield code="6">100-01</subfield></datafield><datafield ind1="1" ind2="0" tag="245"><subfield code="a">Key problems of the new concept of the Swiss consumer credit legislation</subfield><subfield code="c">Hans Giger</subfield></datafield><datafield ind1=" " ind2="1" tag="264"><subfield code="a">Berne</subfield><subfield code="b">Staempfli</subfield><subfield code="c">[2003]</subfield></datafield><datafield ind1=" " ind2="4" tag="264"><subfield code="c">© 2003</subfield></datafield><datafield ind1=" " ind2=" " tag="300"><subfield code="a">217 p.</subfield><subfield code="b">portr.</subfield><subfield code="c">23 cm</subfield></datafield><datafield ind1=" " ind2=" " tag="336"><subfield code="b">txt</subfield><subfield code="2">rdacontent</subfield></datafield><datafield ind1=" " ind2=" " tag="337"><subfield code="b">n</subfield><subfield code="2">rdamedia</subfield></datafield><datafield ind1=" " ind2=" " tag="338"><subfield code="b">nc</subfield><subfield code="2">rdacarrier</subfield></datafield><datafield ind1=" " ind2=" " tag="500"><subfield code="a">Enth. im Anh. auch den Gesetzestext</subfield></datafield><datafield ind1=" " ind2=" " tag="500"><subfield code="a">Dedicated to The Federal Councilor Ruth Metzler</subfield></datafield><datafield ind1=" " ind2=" " tag="500"><subfield code="a">Register</subfield></datafield><datafield ind1=" " ind2=" " tag="500"><subfield code="a">Enth.auch die engl. Fassung des Gesetzestextes</subfield></datafield><datafield ind1=" " ind2=" " tag="504"><subfield code="a">Bibliogr.</subfield></datafield><datafield ind1="0" ind2=" " tag="505"><subfield code="a">Enthält auch: Federal Law on Consumer Credit (Consumer Credit Law) of 23 March 2001 ; Ordinance based on the Federal Law on Consumer Credit of 6 November 2002 (OCCL)</subfield></datafield><datafield ind1=" " ind2="7" tag="650"><subfield code="a">Konsumentenkredit</subfield><subfield code="z">Schweiz</subfield><subfield code="2">idsbb</subfield></datafield><datafield ind1=" " ind2="7" tag="650"><subfield code="a">Konsumkreditvertrag</subfield><subfield code="9">ger</subfield><subfield code="0">(RERO)jurivoc000013276ger</subfield><subfield code="2">jurivoc</subfield></datafield><datafield ind1=" " ind2="7" tag="650"><subfield code="a">petit crédit</subfield><subfield code="0">(RERO)A009962596</subfield><subfield code="2">rerovoc</subfield></datafield><datafield ind1=" " ind2="7" tag="650"><subfield code="a">Droit</subfield><subfield code="0">(IDREF)027466868</subfield><subfield code="2">idref</subfield></datafield><datafield ind1=" " ind2="7" tag="650"><subfield code="a">Konsumentenkredit</subfield><subfield code="2">idszbz</subfield></datafield><datafield ind1=" " ind2="7" tag="650"><subfield code="a">Recht</subfield><subfield code="2">idszbz</subfield></datafield><datafield ind1=" " ind2="7" tag="650"><subfield code="a">Revision</subfield><subfield code="2">idszbz</subfield></datafield><datafield ind1=" " ind2="7" tag="650"><subfield code="a">KONSUMKREDITE + KLEINKREDITE</subfield><subfield code="9">ger</subfield><subfield code="0">(ETHUDK)000010699</subfield><subfield code="2">ethudk</subfield></datafield><datafield ind1=" " ind2="7" tag="650"><subfield code="a">RECHTSREFORMEN + GESETZESÄNDERUNGEN + GESETZESREVISION (RECHT)</subfield><subfield code="9">ger</subfield><subfield code="0">(ETHUDK)000010967</subfield><subfield code="2">ethudk</subfield></datafield><datafield ind1=" " ind2="7" tag="650"><subfield code="a">SCHWEIZ (MITTELEUROPA). SCHWEIZERISCHE EIDGENOSSENSCHAFT</subfield><subfield code="9">ger</subfield><subfield code="0">(ETHUDK)000004571</subfield><subfield code="2">ethudk</subfield></datafield><datafield ind1=" " ind2="7" tag="650"><subfield code="a">Verbraucherkreditrecht</subfield><subfield code="0">(DE-588)4270065-6</subfield><subfield code="2">gnd</subfield></datafield><datafield ind1=" " ind2="7" tag="651"><subfield code="a">Schweiz</subfield><subfield code="9">ger</subfield><subfield code="0">(RERO)jurivoc000019912ger</subfield><subfield code="2">jurivoc</subfield></datafield><datafield ind1=" " ind2="7" tag="651"><subfield code="a">Suisse</subfield><subfield code="0">(IDREF)027249654</subfield><subfield code="2">idref</subfield></datafield><datafield ind1=" " ind2="7" tag="651"><subfield code="a">Schweiz</subfield><subfield code="2">idszbz</subfield></datafield><datafield ind1=" " ind2="7" tag="651"><subfield code="a">Schweiz</subfield><subfield code="0">(DE-588)4053881-3</subfield><subfield code="2">gnd</subfield></datafield><datafield ind1=" " ind2="7" tag="655"><subfield code="a">Festschrift</subfield><subfield code="2">gnd-content</subfield></datafield><datafield ind1=" " ind2="7" tag="655"><subfield code="a">Manuels d'enseignement</subfield><subfield code="0">(IDREF)027446514</subfield><subfield code="2">idref</subfield></datafield><datafield ind1=" " ind2=" " tag="690"><subfield code="a">Intervention ; Limitation ; Consumer ; Legislation ; Credit legislation ; Councillor ; Direction ; Private Law ; Exclusion ; Credit agreement ; Protection law ; Mark ; Marking ; Investigation ; Celebration ; Improvement ; Defense ; Judicial subject ; Department ; Justice ; Police ; Contract ; Consumer law ; Authorization ; Freedom ; Mentality ; Implication ; Existence ; Back-up ; Socialization ; Status ; Confederation ; Lease hold ; Check ; Movement ; Responsibility ; Care ; Control ; Prescription ; Credit ; Fixation ; Termination ; head ; Repayment ; College ; Faculty ; Pivot ; Turn point ; Turning Point ; Administrative body ; Income ; Security ; Duty ; Evaluation ; Category ; Evolution ; Capacity ; Function ; Monitoring ; Fault location ; Standardisation ; Diligence ; Preface ; Revocation ; Creditworthiness ; Consumer credit ; Academy ; Developmental trend ; Supply ; Infringement ; Scoping ; Lime blowing ; Provision ; Criticism ; Nullity ; Exception ; Invoicing ; office ; Violation ; Regime ; Abrogation ; Allotropy ; State law ; Prelude ; Snapshot ; Necessity ; Turnaround ; Philosophy ; Centering ; Annual ; key ; IC ; Unfair Competition ; Ordinance ; Legitimation ; Chemical solution ; Withdrawal ; Distinction ; March ; Abbreviation ; Catchword</subfield><subfield code="2">idssg-J</subfield></datafield><datafield ind1=" " ind2=" " tag="690"><subfield code="a">Competition-Minded</subfield><subfield code="2">idssg-J</subfield></datafield><datafield ind1=" " ind2=" " tag="690"><subfield code="a">new concept; legal recognition; ideological change; gradual snowballing; new Swiss; Critical analysis; main aspects; Tutelary aspect; Legal representative; legal position; legal situation de; Relevant charges; Fundamental aspects; Fundamental aspect; troublesome line; Legal consequences</subfield><subfield code="2">idssg-J</subfield></datafield><datafield ind1=" " ind2=" " tag="690"><subfield code="a">Zurich [100]; USA [100]</subfield><subfield code="2">idssg-J</subfield></datafield><datafield ind1=" " ind2=" " tag="690"><subfield code="a">iur; et; Hans; Giger; aaa; bbb; ccc; ddd; lege; lata; aaaa; bbbb; cccc; ahd; II; III; IV</subfield><subfield code="2">idssg-J</subfield></datafield><datafield ind1=" " ind2=" " tag="691"><subfield code="e">PC 85 CH</subfield><subfield code="2">rzs-L1</subfield></datafield><datafield ind1=" " ind2=" " tag="691"><subfield code="e">PC 82 CH</subfield><subfield code="2">rzs-L1</subfield></datafield><datafield ind1="1" ind2=" " tag="700"><subfield code="a">Metzler-Arnold, Ruth</subfield><subfield code="d">1964-</subfield><subfield code="0">(DE-588)129123846</subfield></datafield><datafield ind1="1" ind2="2" tag="710"><subfield code="a">Suisse</subfield><subfield code="t">Lois et arrêtés</subfield><subfield code="d">2001</subfield></datafield><datafield ind1="1" ind2="2" tag="710"><subfield code="a">Suisse</subfield><subfield code="t">Lois et arrêtés</subfield><subfield code="d">2002</subfield></datafield><datafield ind1="1" ind2=" " tag="710"><subfield code="a">Schweiz</subfield><subfield code="0">(DE-588)4053881-3</subfield></datafield><datafield ind1="4" ind2=" " tag="856"><subfield code="u">https://tools.unisg.ch/url/hm00091372</subfield><subfield code="z">Inhaltsverzeichnis</subfield></datafield><datafield ind1=" " ind2=" " tag="900"><subfield code="a">IDSE5E19ANH-2004</subfield></datafield><datafield ind1=" " ind2=" " tag="900"><subfield code="a">IDSZ2rwimon200401e</subfield><subfield code="c">IDSZ2biss 040122</subfield><subfield code="d">IDSZ2rwiswk200402b</subfield><subfield code="e">IDSZ2sust</subfield></datafield><datafield ind1=" " ind2=" " tag="949"><subfield code="a">https://tools.unisg.ch/url/hm00091372</subfield></datafield></record>
</metadata></record>