<record><header><identifier>oai:alma.41SLSP_UGE:991000780159705502</identifier><datestamp>2023-03-01T01:10:15Z</datestamp><setSpec>uge_bcen_RapidILL_BOOK</setSpec><setSpec>uge_aaca_RapidILL_BOOK</setSpec><setSpec>uge_abels_RapidILL_BOOK</setSpec><setSpec>uge_dbu_RapidILL_BOOK</setSpec><setSpec>uge_cmu_RapidILL_BOOK</setSpec><setSpec>uge_mail_RapidILL_BOOK</setSpec><setSpec>UNIGE_ALL</setSpec><setSpec>uge_abbat_RapidILL_BOOK</setSpec><setSpec>uge_acar_RapidILL_BOOK</setSpec><setSpec>uge_aobs_RapidILL_BOOK</setSpec></header><metadata>
<record xmlns="http://www.loc.gov/MARC21/slim" xmlns:xsi="http://www.w3.org/2001/XMLSchema-instance" xsi:schemaLocation="http://www.loc.gov/MARC21/slim http://www.loc.gov/standards/marcxml/schema/MARC21slim.xsd"><leader>04082nam a22007817c 4500</leader><controlfield tag="001">991000780159705502</controlfield><controlfield tag="005">20230204195113.0</controlfield><controlfield tag="008">201011s2000    gw ||||| |||| 10| ||ger d</controlfield><datafield ind1=" " ind2=" " tag="015"><subfield code="a">GFR-CIP-00,N34</subfield><subfield code="a">DNB-00,N34,0272</subfield></datafield><datafield ind1="7" ind2=" " tag="016"><subfield code="a">959489371</subfield><subfield code="2">GyFmDB</subfield></datafield><datafield ind1=" " ind2=" " tag="020"><subfield code="a">3631358857</subfield></datafield><datafield ind1=" " ind2=" " tag="035"><subfield code="a">(swissbib)211769185-41slsp_network</subfield></datafield><datafield ind1=" " ind2=" " tag="035"><subfield code="a">211769185</subfield><subfield code="9">ExL</subfield></datafield><datafield ind1=" " ind2=" " tag="035"><subfield code="a">(RERO)R003075296-41slsp</subfield></datafield><datafield ind1=" " ind2=" " tag="035"><subfield code="a">(IDSBB)002263078DSV01</subfield></datafield><datafield ind1=" " ind2=" " tag="035"><subfield code="a">(NEBIS)004010984EBI01</subfield></datafield><datafield ind1=" " ind2=" " tag="035"><subfield code="a">(EXLNZ-41SLSP_NETWORK)991135810259705501</subfield></datafield><datafield ind1=" " ind2=" " tag="040"><subfield code="a">RERO geulhg</subfield><subfield code="d">CH-ZuSLS</subfield></datafield><datafield ind1="1" ind2=" " tag="041"><subfield code="a">ger</subfield><subfield code="h">slv</subfield></datafield><datafield ind1=" " ind2="7" tag="072"><subfield code="a">ht</subfield><subfield code="2">rero</subfield></datafield><datafield ind1=" " ind2="7" tag="072"><subfield code="a">po</subfield><subfield code="2">SzZuIDS BS/BE</subfield></datafield><datafield ind1="0" ind2="4" tag="082"><subfield code="a">320.54094971</subfield></datafield><datafield ind1="1" ind2="4" tag="082"><subfield code="a">320</subfield><subfield code="2">15</subfield></datafield><datafield ind1=" " ind2=" " tag="084"><subfield code="a">MG 91000</subfield><subfield code="2">rvk</subfield></datafield><datafield ind1=" " ind2=" " tag="084"><subfield code="a">MG 91030</subfield><subfield code="2">rvk</subfield></datafield><datafield ind1=" " ind2=" " tag="084"><subfield code="a">MG 91070</subfield><subfield code="2">rvk</subfield></datafield><datafield ind1="0" ind2="0" tag="245"><subfield code="a">Europäisierung versus Nationalismus</subfield><subfield code="b">der ex-jugoslavische Raum auf der Suche nach Stabilität</subfield><subfield code="c">Anton Kumer, Miroslav Polzer, Anselm Skuhra (Hrsg.)</subfield></datafield><datafield ind1=" " ind2="1" tag="264"><subfield code="a">Frankfurt am Main [etc.]</subfield><subfield code="b">P. Lang</subfield><subfield code="c">2000</subfield></datafield><datafield ind1=" " ind2=" " tag="300"><subfield code="a">II, 213 S.</subfield><subfield code="b">Karte</subfield><subfield code="c">21 cm</subfield></datafield><datafield ind1=" " ind2=" " tag="336"><subfield code="b">txt</subfield><subfield code="2">rdacontent</subfield></datafield><datafield ind1=" " ind2=" " tag="337"><subfield code="b">n</subfield><subfield code="2">rdamedia</subfield></datafield><datafield ind1=" " ind2=" " tag="338"><subfield code="b">nc</subfield><subfield code="2">rdacarrier</subfield></datafield><datafield ind1=" " ind2=" " tag="500"><subfield code="a">Unter diesem Titel fand am 24. Februar 1999 an der Universität Salzburg ein Symposium statt, das von der Laibacher Aussenstelle des Österreichischen Ost- und Südosteuropa-Instituts, dem Institut für Politikwissenschaft der Universität Salzburg sowie dem European Centre for Inter-ethnic Cooperation (ECIC, Klagenfurt) organisiert wurde. - S. 1</subfield></datafield><datafield ind1=" " ind2=" " tag="500"><subfield code="a">Beiträge teilw. aus dem Slowenischen übersetzt</subfield></datafield><datafield ind1=" " ind2="7" tag="650"><subfield code="a">Nationalisme</subfield><subfield code="0">(IDREF)027303365</subfield><subfield code="2">idref</subfield></datafield><datafield ind1=" " ind2="7" tag="650"><subfield code="a">20e siècle (fin)</subfield><subfield code="0">(RERO)A022536780</subfield><subfield code="2">rero</subfield></datafield><datafield ind1=" " ind2="7" tag="650"><subfield code="a">20e siècle</subfield><subfield code="0">(IDREF)086305646</subfield><subfield code="2">idref</subfield></datafield><datafield ind1=" " ind2="7" tag="650"><subfield code="a">Patriotisme</subfield><subfield code="0">(IDREF)027528812</subfield><subfield code="2">idref</subfield></datafield><datafield ind1=" " ind2="7" tag="650"><subfield code="a">Nationalismus</subfield><subfield code="0">(DE-588)4041300-7</subfield><subfield code="2">gnd</subfield></datafield><datafield ind1=" " ind2="7" tag="650"><subfield code="a">Minderheit</subfield><subfield code="x">Nationalstaat</subfield><subfield code="z">Südosteuropa</subfield><subfield code="v">Kongressbericht</subfield><subfield code="2">idsbb</subfield></datafield><datafield ind1=" " ind2="7" tag="650"><subfield code="a">Nationalstaat</subfield><subfield code="x">Minderheit</subfield><subfield code="z">Südosteuropa</subfield><subfield code="v">Kongressbericht</subfield><subfield code="2">idsbb</subfield></datafield><datafield ind1=" " ind2="7" tag="650"><subfield code="a">Europäische Union</subfield><subfield code="z">Südosteuropa</subfield><subfield code="v">Kongressbericht</subfield><subfield code="2">idsbb</subfield></datafield><datafield ind1=" " ind2="7" tag="650"><subfield code="a">Europäische Integration</subfield><subfield code="0">(DE-588)4071013-0</subfield><subfield code="2">gnd</subfield></datafield><datafield ind1=" " ind2="7" tag="650"><subfield code="a">Nachfolgestaaten</subfield><subfield code="0">(DE-588)4328855-8</subfield><subfield code="2">gnd</subfield></datafield><datafield ind1=" " ind2="7" tag="650"><subfield code="a">Nationalismus</subfield><subfield code="2">idszbz</subfield></datafield><datafield ind1=" " ind2="0" tag="650"><subfield code="a">Nationalism</subfield><subfield code="z">Former Yugoslav republics</subfield><subfield code="v">Congresses</subfield></datafield><datafield ind1=" " ind2="7" tag="650"><subfield code="a">AUSSENPOLITIK + AUSLANDSBEZIEHUNGEN (INTERNATIONALE POLITIK)</subfield><subfield code="9">ger</subfield><subfield code="0">(ETHUDK)000010209</subfield><subfield code="2">ethudk</subfield></datafield><datafield ind1=" " ind2="7" tag="650"><subfield code="a">EUROPÄISCHE INTEGRATION (INTERNATIONALE POLITIK)</subfield><subfield code="9">ger</subfield><subfield code="0">(ETHUDK)000055909</subfield><subfield code="2">ethudk</subfield></datafield><datafield ind1=" " ind2="7" tag="650"><subfield code="a">JUGOSLAWIEN, BIS 1991 (SÜDOSTEUROPA). SOZIALISTISCHE FÖDERATIVE REPUBLIK JUGOSLAWIEN</subfield><subfield code="9">ger</subfield><subfield code="0">(ETHUDK)000006157</subfield><subfield code="2">ethudk</subfield></datafield><datafield ind1=" " ind2="7" tag="650"><subfield code="a">JUGOSLAWIEN-KONFLIKT (1991-1999)</subfield><subfield code="9">ger</subfield><subfield code="0">(ETHUDK)000048254</subfield><subfield code="2">ethudk</subfield></datafield><datafield ind1=" " ind2="7" tag="650"><subfield code="a">NATIONALISMUS + NATIONALBEWUSSTSEIN + CHAUVINISMUS + PATRIOTISMUS (INNENPOLITIK)</subfield><subfield code="9">ger</subfield><subfield code="0">(ETHUDK)000010148</subfield><subfield code="2">ethudk</subfield></datafield><datafield ind1=" " ind2="7" tag="651"><subfield code="a">Ex-Yougoslavie</subfield><subfield code="0">(IDREF)034512772</subfield><subfield code="2">idref</subfield></datafield><datafield ind1=" " ind2="7" tag="651"><subfield code="a">Europe</subfield><subfield code="x">Unité</subfield><subfield code="0">(IDREF)027495892</subfield><subfield code="2">idref</subfield></datafield><datafield ind1=" " ind2="7" tag="651"><subfield code="a">Südosteuropa</subfield><subfield code="x">Europäische Union</subfield><subfield code="v">Kongressbericht</subfield><subfield code="2">idsbb</subfield></datafield><datafield ind1=" " ind2="7" tag="651"><subfield code="a">Südosteuropa</subfield><subfield code="x">Politik</subfield><subfield code="v">Kongressbericht</subfield><subfield code="2">idsbb</subfield></datafield><datafield ind1=" " ind2="7" tag="651"><subfield code="a">Jugoslawien</subfield><subfield code="0">(DE-588)4028966-7</subfield><subfield code="2">gnd</subfield></datafield><datafield ind1=" " ind2="7" tag="651"><subfield code="a">Jugoslawien</subfield><subfield code="2">idszbz</subfield></datafield><datafield ind1=" " ind2="0" tag="651"><subfield code="a">Former Yugoslav republics</subfield><subfield code="x">Politics and government</subfield><subfield code="v">Congresses</subfield></datafield><datafield ind1=" " ind2="7" tag="655"><subfield code="a">Actes de congrès</subfield><subfield code="0">(IDREF)02886431X</subfield><subfield code="2">idref</subfield></datafield><datafield ind1=" " ind2="7" tag="655"><subfield code="a">Konferenzschrift</subfield><subfield code="z">Salzburg</subfield><subfield code="y">1999</subfield><subfield code="2">gnd-content</subfield></datafield><datafield ind1=" " ind2="7" tag="655"><subfield code="a">Aufsatzsammlung</subfield><subfield code="2">idszbz</subfield></datafield><datafield ind1="1" ind2=" " tag="700"><subfield code="a">Polzer, Miroslav</subfield><subfield code="0">(RERO)A006529712</subfield></datafield><datafield ind1="1" ind2=" " tag="700"><subfield code="a">Skuhra, Anselm</subfield><subfield code="0">(RERO)A006529713</subfield></datafield><datafield ind1="1" ind2=" " tag="700"><subfield code="a">Kumer, Anton</subfield><subfield code="0">(RERO)A006529711</subfield></datafield><datafield ind1="2" ind2=" " tag="710"><subfield code="a">Österreichisches Ost-und-Südosteuropa-Institut (Wien)</subfield><subfield code="b">Aussenstelle (Laibach)</subfield><subfield code="b">Symposium</subfield><subfield code="d">1999</subfield><subfield code="c">Salzburg</subfield><subfield code="0">(RERO)A012512372</subfield></datafield><datafield ind1="2" ind2=" " tag="710"><subfield code="a">Universität Salzburg</subfield><subfield code="b">Institut für Politikwissenschaft</subfield><subfield code="b">Symposium</subfield><subfield code="d">1999</subfield><subfield code="c">Salzburg</subfield><subfield code="0">(RERO)A012512373</subfield></datafield><datafield ind1="2" ind2=" " tag="710"><subfield code="a">European Centre of Interethnic Cooperation (Klagenfurt)</subfield><subfield code="b">Symposium</subfield><subfield code="d">1999</subfield><subfield code="c">Salzburg</subfield><subfield code="0">(RERO)A012512374</subfield></datafield><datafield ind1=" " ind2=" " tag="900"><subfield code="a">REROnoselfmerge</subfield></datafield><datafield ind1=" " ind2=" " tag="900"><subfield code="a">IDSZ2zbzmon200012f</subfield><subfield code="c">IDSZ2werm</subfield><subfield code="d">IDSZ2zbzswk200104b</subfield><subfield code="e">IDSZ2erbe</subfield></datafield></record>
</metadata></record>