<record><header><identifier>oai:alma.41SLSP_UGE:991000780059705502</identifier><datestamp>2023-03-01T01:10:15Z</datestamp><setSpec>uge_bcen_RapidILL_BOOK</setSpec><setSpec>uge_aaca_RapidILL_BOOK</setSpec><setSpec>uge_abels_RapidILL_BOOK</setSpec><setSpec>uge_dbu_RapidILL_BOOK</setSpec><setSpec>uge_cmu_RapidILL_BOOK</setSpec><setSpec>uge_mail_RapidILL_BOOK</setSpec><setSpec>uge_abbat_RapidILL_BOOK</setSpec><setSpec>UNIGE_ALL</setSpec><setSpec>uge_aobs_RapidILL_BOOK</setSpec><setSpec>uge_acar_RapidILL_BOOK</setSpec></header><metadata>
<record xmlns="http://www.loc.gov/MARC21/slim" xmlns:xsi="http://www.w3.org/2001/XMLSchema-instance" xsi:schemaLocation="http://www.loc.gov/MARC21/slim http://www.loc.gov/standards/marcxml/schema/MARC21slim.xsd"><leader>01472nam a2200313 c 4500</leader><controlfield tag="001">991000780059705502</controlfield><controlfield tag="005">20230228174914.0</controlfield><controlfield tag="008">111110s2009    sp ||||| |||| 10| ||eng d</controlfield><datafield ind1=" " ind2=" " tag="035"><subfield code="a">(swissbib)114878471-41slsp_network</subfield></datafield><datafield ind1=" " ind2=" " tag="035"><subfield code="a">114878471</subfield><subfield code="9">ExL</subfield></datafield><datafield ind1=" " ind2=" " tag="035"><subfield code="a">(RERO)R006332614-41slsp</subfield></datafield><datafield ind1=" " ind2=" " tag="035"><subfield code="a">(EXLNZ-41SLSP_NETWORK)991129905569705501</subfield></datafield><datafield ind1=" " ind2=" " tag="040"><subfield code="a">RERO geusst</subfield><subfield code="d">CH-ZuSLS</subfield></datafield><datafield ind1=" " ind2="7" tag="072"><subfield code="a">st</subfield><subfield code="2">rero</subfield></datafield><datafield ind1="0" ind2="0" tag="245"><subfield code="a">Synchrotron radiation in mineralogy</subfield><subfield code="c">ed. Mercedes Suárez, Esther Ayuso y Eva M. Manchado</subfield></datafield><datafield ind1=" " ind2="1" tag="264"><subfield code="a">[Madrid]</subfield><subfield code="b">Sociedad Española de Mineralogía</subfield><subfield code="c">2009</subfield></datafield><datafield ind1=" " ind2=" " tag="300"><subfield code="a">141 p.</subfield><subfield code="b">ill.</subfield></datafield><datafield ind1=" " ind2=" " tag="336"><subfield code="b">txt</subfield><subfield code="2">rdacontent</subfield></datafield><datafield ind1=" " ind2=" " tag="337"><subfield code="b">n</subfield><subfield code="2">rdamedia</subfield></datafield><datafield ind1=" " ind2=" " tag="338"><subfield code="b">nc</subfield><subfield code="2">rdacarrier</subfield></datafield><datafield ind1="1" ind2=" " tag="490"><subfield code="a">Seminarios de la Sociedad Española de Mineralogía</subfield><subfield code="v">vol. 6</subfield></datafield><datafield ind1=" " ind2=" " tag="500"><subfield code="a">Abstracts of conferences presented at the Workshop Synchrotron Radiation in Mineralogy, held during the XXIX Annual Meeting of Spanish Society of Mineralogy in Salamanca, from 9th to 12th September 2009</subfield></datafield><datafield ind1=" " ind2="7" tag="650"><subfield code="a">radiation synchrotron</subfield><subfield code="0">(RERO)A010023078</subfield><subfield code="2">rerovoc</subfield></datafield><datafield ind1=" " ind2="7" tag="650"><subfield code="a">Minéralogie</subfield><subfield code="0">(IDREF)027239535</subfield><subfield code="2">idref</subfield></datafield><datafield ind1=" " ind2="7" tag="655"><subfield code="a">Actes de congrès</subfield><subfield code="0">(IDREF)02886431X</subfield><subfield code="2">idref</subfield></datafield><datafield ind1="1" ind2=" " tag="700"><subfield code="a">Suárez, Mercedes</subfield><subfield code="0">(RERO)A020095736</subfield></datafield><datafield ind1="2" ind2=" " tag="710"><subfield code="a">Sociedad Española de Mineralogía</subfield><subfield code="b">Annual Meeting</subfield><subfield code="n">29</subfield><subfield code="d">2009</subfield><subfield code="c">Salamanca</subfield><subfield code="0">(RERO)A020095737</subfield></datafield><datafield ind1="2" ind2=" " tag="711"><subfield code="a">Workshop Synchrotron Radiation in Mineralogy</subfield><subfield code="d">2009</subfield><subfield code="c">Salamanca</subfield><subfield code="0">(RERO)A020095738</subfield></datafield><datafield ind1=" " ind2=" " tag="830"><subfield code="a">Seminarios de la Sociedad Española de Mineralogía</subfield><subfield code="v">6</subfield><subfield code="w">(RERO)R006332541-41slsp</subfield></datafield><datafield ind1=" " ind2=" " tag="900"><subfield code="a">REROnoselfmerge</subfield></datafield></record>
</metadata></record>