<record><header><identifier>oai:alma.41SLSP_UGE:991000780579705502</identifier><datestamp>2023-03-01T01:10:15Z</datestamp><setSpec>uge_bcen_RapidILL_BOOK</setSpec><setSpec>uge_aaca_RapidILL_BOOK</setSpec><setSpec>uge_abels_RapidILL_BOOK</setSpec><setSpec>uge_dbu_RapidILL_BOOK</setSpec><setSpec>uge_cmu_RapidILL_BOOK</setSpec><setSpec>uge_mail_RapidILL_BOOK</setSpec><setSpec>UNIGE_ALL</setSpec><setSpec>uge_abbat_RapidILL_BOOK</setSpec><setSpec>uge_aobs_RapidILL_BOOK</setSpec><setSpec>uge_acar_RapidILL_BOOK</setSpec></header><metadata>
<record xmlns="http://www.loc.gov/MARC21/slim" xmlns:xsi="http://www.w3.org/2001/XMLSchema-instance" xsi:schemaLocation="http://www.loc.gov/MARC21/slim http://www.loc.gov/standards/marcxml/schema/MARC21slim.xsd"><leader>01179nam a2200289 c 4500</leader><controlfield tag="001">991000780579705502</controlfield><controlfield tag="005">20211106220024.0</controlfield><controlfield tag="008">000915s1916    fr ||||| |||| 00| ||fre d</controlfield><datafield ind1="7" ind2=" " tag="024"><subfield code="a">http://catalogue.bnf.fr/ark:/12148/cb31271138h</subfield><subfield code="2">uri</subfield></datafield><datafield ind1=" " ind2=" " tag="035"><subfield code="a">(swissbib)08083745X-41slsp_network</subfield></datafield><datafield ind1=" " ind2=" " tag="035"><subfield code="a">08083745X</subfield><subfield code="9">ExL</subfield></datafield><datafield ind1=" " ind2=" " tag="035"><subfield code="a">(RERO)0717524-41slsp</subfield></datafield><datafield ind1=" " ind2=" " tag="035"><subfield code="a">(EXLNZ-41SLSP_NETWORK)991031633289705501</subfield></datafield><datafield ind1=" " ind2=" " tag="040"><subfield code="a">RERO labcud</subfield><subfield code="d">CH-ZuSLS</subfield></datafield><datafield ind1="1" ind2=" " tag="041"><subfield code="a">fre</subfield><subfield code="h">eng</subfield></datafield><datafield ind1=" " ind2="7" tag="072"><subfield code="a">ph</subfield><subfield code="2">rero</subfield></datafield><datafield ind1="1" ind2=" " tag="100"><subfield code="a">Ruskin, John</subfield><subfield code="d">1819-1900</subfield><subfield code="0">(IDREF)027115607</subfield><subfield code="4">cre</subfield></datafield><datafield ind1="1" ind2="0" tag="245"><subfield code="a">&lt;&lt;La&gt;&gt; couronne d'olivier sauvage</subfield><subfield code="b">travail, trafic, guerre ; Les sept lampes de l'architecture : sacrifice, vérité, force, beauté, vie, souvenir, obéissance</subfield><subfield code="c">John Ruskin ; trad. par George Elwall</subfield></datafield><datafield ind1=" " ind2=" " tag="250"><subfield code="a">2e éd</subfield><subfield code="b">prédédée d'un avant-propos d'Emile Cammaerts</subfield></datafield><datafield ind1=" " ind2="1" tag="264"><subfield code="a">Paris</subfield><subfield code="b">H. Laurens</subfield><subfield code="c">1916</subfield></datafield><datafield ind1=" " ind2=" " tag="300"><subfield code="a">VIII, 358 p.</subfield><subfield code="b">ill.</subfield><subfield code="c">25 cm</subfield></datafield><datafield ind1=" " ind2=" " tag="336"><subfield code="b">txt</subfield><subfield code="2">rdacontent</subfield></datafield><datafield ind1=" " ind2=" " tag="337"><subfield code="b">n</subfield><subfield code="2">rdamedia</subfield></datafield><datafield ind1=" " ind2=" " tag="338"><subfield code="b">nc</subfield><subfield code="2">rdacarrier</subfield></datafield><datafield ind1=" " ind2=" " tag="500"><subfield code="a">Traduit de: The crown of wild olive ; The seven lamps of architecture</subfield></datafield><datafield ind1="1" ind2=" " tag="700"><subfield code="a">Cammaerts, Émile</subfield><subfield code="d">1878-1953</subfield><subfield code="0">(IDREF)026764075</subfield></datafield><datafield ind1="1" ind2="2" tag="700"><subfield code="a">Ruskin, John</subfield><subfield code="t">&lt;&lt;Les&gt;&gt; sept lampes de l'architecture</subfield></datafield><datafield ind1=" " ind2=" " tag="900"><subfield code="a">REROnoselfmerge</subfield></datafield></record>
</metadata></record>