<record><header><identifier>oai:alma.41SLSP_UGE:991000780509705502</identifier><datestamp>2023-03-28T00:14:56Z</datestamp><setSpec>uge_bcen_RapidILL_BOOK</setSpec><setSpec>uge_aaca_RapidILL_BOOK</setSpec><setSpec>uge_abels_RapidILL_BOOK</setSpec><setSpec>uge_dbu_RapidILL_BOOK</setSpec><setSpec>uge_cmu_RapidILL_BOOK</setSpec><setSpec>uge_mail_RapidILL_BOOK</setSpec><setSpec>uge_abbat_RapidILL_BOOK</setSpec><setSpec>UNIGE_ALL</setSpec><setSpec>uge_acar_RapidILL_BOOK</setSpec><setSpec>uge_aobs_RapidILL_BOOK</setSpec></header><metadata>
<record xmlns="http://www.loc.gov/MARC21/slim" xmlns:xsi="http://www.w3.org/2001/XMLSchema-instance" xsi:schemaLocation="http://www.loc.gov/MARC21/slim http://www.loc.gov/standards/marcxml/schema/MARC21slim.xsd"><leader>01372nam a2200397 c 4500</leader><controlfield tag="001">991000780509705502</controlfield><controlfield tag="005">20230327182246.0</controlfield><controlfield tag="008">201011s1965    xxu||||| |||| 00| ||eng d</controlfield><datafield ind1="7" ind2=" " tag="024"><subfield code="a">http://catalogue.bnf.fr/ark:/12148/cb446370607</subfield><subfield code="2">uri</subfield></datafield><datafield ind1=" " ind2=" " tag="035"><subfield code="a">(swissbib)217169651-41slsp_network</subfield></datafield><datafield ind1=" " ind2=" " tag="035"><subfield code="a">217169651</subfield><subfield code="9">ExL</subfield></datafield><datafield ind1=" " ind2=" " tag="035"><subfield code="a">(RERO)0691898-41slsp</subfield></datafield><datafield ind1=" " ind2=" " tag="035"><subfield code="a">(NEBIS)000718407EBI01</subfield></datafield><datafield ind1=" " ind2=" " tag="035"><subfield code="a">(EXLNZ-41SLSP_NETWORK)991073012989705501</subfield></datafield><datafield ind1=" " ind2=" " tag="040"><subfield code="a">RERO lausbi</subfield><subfield code="d">CH-ZuSLS</subfield></datafield><datafield ind1=" " ind2=" " tag="050"><subfield code="a">QD421.A1</subfield><subfield code="b">A438 1965eb</subfield></datafield><datafield ind1=" " ind2="7" tag="072"><subfield code="a">ch</subfield><subfield code="2">rero</subfield></datafield><datafield ind1="0" ind2="4" tag="082"><subfield code="a">547</subfield><subfield code="2">22</subfield></datafield><datafield ind1="0" ind2="0" tag="245"><subfield code="a">&lt;&lt;The&gt;&gt; indole alkaloids</subfield><subfield code="c">ed. by R.H.F. Manske</subfield></datafield><datafield ind1=" " ind2="1" tag="264"><subfield code="a">New York</subfield><subfield code="a">London</subfield><subfield code="b">Academic Press</subfield><subfield code="c">1965</subfield></datafield><datafield ind1=" " ind2=" " tag="300"><subfield code="a">XV, 861 p.</subfield><subfield code="c">24 cm</subfield></datafield><datafield ind1=" " ind2=" " tag="336"><subfield code="b">txt</subfield><subfield code="2">rdacontent</subfield></datafield><datafield ind1=" " ind2=" " tag="337"><subfield code="b">n</subfield><subfield code="2">rdamedia</subfield></datafield><datafield ind1=" " ind2=" " tag="338"><subfield code="b">nc</subfield><subfield code="2">rdacarrier</subfield></datafield><datafield ind1="1" ind2=" " tag="490"><subfield code="a">The alkaloids . Chemistry and physiology</subfield><subfield code="v">vol. 8</subfield></datafield><datafield ind1=" " ind2="7" tag="650"><subfield code="a">alcaloïde indolique</subfield><subfield code="0">(RERO)A010041051</subfield><subfield code="2">rerovoc</subfield></datafield><datafield ind1=" " ind2="7" tag="650"><subfield code="a">Chimie végétale</subfield><subfield code="0">(IDREF)050525166</subfield><subfield code="2">idref</subfield></datafield><datafield ind1=" " ind2="0" tag="650"><subfield code="a">Alkaloids</subfield></datafield><datafield ind1=" " ind2="0" tag="650"><subfield code="a">Alkaloids</subfield><subfield code="x">Physiological effect</subfield></datafield><datafield ind1=" " ind2="0" tag="650"><subfield code="a">Indole alkaloids</subfield><subfield code="x">Synthesis</subfield></datafield><datafield ind1=" " ind2="7" tag="655"><subfield code="a">[Études diverses]</subfield><subfield code="0">(RERO)A022249905</subfield><subfield code="2">rero</subfield></datafield><datafield ind1="1" ind2=" " tag="700"><subfield code="a">Manske, R.H.</subfield></datafield><datafield ind1="1" ind2=" " tag="700"><subfield code="a">Manske, R.H.F</subfield><subfield code="0">(RERO)A003557984</subfield></datafield><datafield ind1="0" ind2=" " tag="773"><subfield code="t">The alkaloids</subfield><subfield code="g">vol. 8</subfield><subfield code="g">yr:1965</subfield><subfield code="g">no:8</subfield><subfield code="w">(NEBIS)000022673EBI01</subfield></datafield><datafield ind1=" " ind2=" " tag="830"><subfield code="a">&lt;&lt;The&gt;&gt; Alkaloids</subfield><subfield code="v">8</subfield><subfield code="w">(RERO)0558343-41slsp</subfield></datafield><datafield ind1=" " ind2=" " tag="900"><subfield code="a">REROnoselfmerge</subfield></datafield><datafield ind1=" " ind2=" " tag="900"><subfield code="a">IDSE1N25</subfield></datafield></record>
</metadata></record>