<record><header><identifier>oai:alma.41SLSP_UGE:991000780089705502</identifier><datestamp>2023-03-01T01:10:15Z</datestamp><setSpec>uge_bcen_RapidILL_BOOK</setSpec><setSpec>uge_aaca_RapidILL_BOOK</setSpec><setSpec>uge_abels_RapidILL_BOOK</setSpec><setSpec>uge_dbu_RapidILL_BOOK</setSpec><setSpec>uge_cmu_RapidILL_BOOK</setSpec><setSpec>uge_mail_RapidILL_BOOK</setSpec><setSpec>UNIGE_ALL</setSpec><setSpec>uge_abbat_RapidILL_BOOK</setSpec><setSpec>uge_aobs_RapidILL_BOOK</setSpec><setSpec>uge_acar_RapidILL_BOOK</setSpec></header><metadata>
<record xmlns="http://www.loc.gov/MARC21/slim" xmlns:xsi="http://www.w3.org/2001/XMLSchema-instance" xsi:schemaLocation="http://www.loc.gov/MARC21/slim http://www.loc.gov/standards/marcxml/schema/MARC21slim.xsd"><leader>01574nam a2200373 c 4500</leader><controlfield tag="001">991000780089705502</controlfield><controlfield tag="005">20230117175649.0</controlfield><controlfield tag="008">201012s1946    sz ||||| |||| 10| ||ger d</controlfield><datafield ind1=" " ind2=" " tag="035"><subfield code="a">(swissbib)238163857-41slsp_network</subfield></datafield><datafield ind1=" " ind2=" " tag="035"><subfield code="a">238163857</subfield><subfield code="9">ExL</subfield></datafield><datafield ind1=" " ind2=" " tag="035"><subfield code="a">(RERO)1931496-41slsp</subfield></datafield><datafield ind1=" " ind2=" " tag="035"><subfield code="a">(IDSLU)000710592ILU01</subfield></datafield><datafield ind1=" " ind2=" " tag="035"><subfield code="a">(EXLNZ-41SLSP_NETWORK)991020496149705501</subfield></datafield><datafield ind1=" " ind2=" " tag="040"><subfield code="a">RERO gevbpu</subfield><subfield code="d">CH-ZuSLS</subfield></datafield><datafield ind1="0" ind2=" " tag="041"><subfield code="a">ger</subfield><subfield code="a">fre</subfield></datafield><datafield ind1=" " ind2=" " tag="044"><subfield code="a">sz</subfield><subfield code="c">ch-ge</subfield></datafield><datafield ind1=" " ind2="7" tag="072"><subfield code="a">ba</subfield><subfield code="2">rero</subfield></datafield><datafield ind1="0" ind2="0" tag="245"><subfield code="a">Catalogue de la XXIe exposition nationale des beaux-arts</subfield><subfield code="b">Genève, Musée d'art et d'histoire &amp; Musée Rath, du 1er septembre au 13 octobre 1946 = Katalog der XXI. nationalen Kunstausstellung : Genève, Musée d'art et d'histoire und Musée Rath, vom 1. September-13. Oktober 1946</subfield></datafield><datafield ind1="1" ind2="1" tag="246"><subfield code="a">Katalog der XXI. nationalen Kunstausstellung..</subfield></datafield><datafield ind1=" " ind2="1" tag="264"><subfield code="a">[Genève]</subfield><subfield code="b">[éditeur non identifié]</subfield><subfield code="c">1946</subfield></datafield><datafield ind1=" " ind2="3" tag="264"><subfield code="a">Genève</subfield><subfield code="b">Kundig</subfield></datafield><datafield ind1=" " ind2=" " tag="300"><subfield code="a">IV, XII, 52 S.</subfield><subfield code="b">Ill., 30 pl.</subfield><subfield code="c">21 x 15 cm</subfield></datafield><datafield ind1=" " ind2=" " tag="336"><subfield code="b">txt</subfield><subfield code="2">rdacontent</subfield></datafield><datafield ind1=" " ind2=" " tag="337"><subfield code="b">n</subfield><subfield code="2">rdamedia</subfield></datafield><datafield ind1=" " ind2=" " tag="338"><subfield code="b">nc</subfield><subfield code="2">rdacarrier</subfield></datafield><datafield ind1=" " ind2=" " tag="500"><subfield code="a">Exposition. Genève. Musée d'art et d'histoire. 1946</subfield></datafield><datafield ind1=" " ind2=" " tag="500"><subfield code="a">Exposition. Genève. Musée Rath. 1946</subfield></datafield><datafield ind1=" " ind2=" " tag="500"><subfield code="a">Genève-Ville. Musée d'art et d'histoire</subfield></datafield><datafield ind1=" " ind2="7" tag="650"><subfield code="a">Art suisse</subfield><subfield code="0">(IDREF)02843482X</subfield><subfield code="2">idref</subfield></datafield><datafield ind1=" " ind2="7" tag="650"><subfield code="a">1946</subfield><subfield code="2">rero</subfield></datafield><datafield ind1=" " ind2="7" tag="655"><subfield code="a">Catalogues d'exposition</subfield><subfield code="0">(IDREF)027320456</subfield><subfield code="2">idref</subfield></datafield><datafield ind1=" " ind2=" " tag="690"><subfield code="a">Genf-St., B: Kunstausstellung</subfield><subfield code="2">rzs-L1</subfield></datafield><datafield ind1=" " ind2=" " tag="690"><subfield code="a">Kunst. A. Ausstellung. Genf</subfield><subfield code="2">rzs-L1</subfield></datafield><datafield ind1="2" ind2=" " tag="711"><subfield code="a">Exposition nationale des beaux-arts (Suisse)</subfield><subfield code="n">21</subfield><subfield code="d">1946</subfield><subfield code="c">Genève</subfield><subfield code="0">(RERO)A012502242</subfield></datafield><datafield ind1=" " ind2=" " tag="900"><subfield code="a">REROnoselfmerge</subfield></datafield></record>
</metadata></record>