<record><header><identifier>oai:alma.41SLSP_UGE:991000780819705502</identifier><datestamp>2023-03-01T01:10:15Z</datestamp><setSpec>uge_bcen_RapidILL_BOOK</setSpec><setSpec>uge_aaca_RapidILL_BOOK</setSpec><setSpec>uge_abels_RapidILL_BOOK</setSpec><setSpec>uge_dbu_RapidILL_BOOK</setSpec><setSpec>uge_cmu_RapidILL_BOOK</setSpec><setSpec>uge_mail_RapidILL_BOOK</setSpec><setSpec>UNIGE_ALL</setSpec><setSpec>uge_abbat_RapidILL_BOOK</setSpec><setSpec>uge_aobs_RapidILL_BOOK</setSpec><setSpec>uge_acar_RapidILL_BOOK</setSpec></header><metadata>
<record xmlns="http://www.loc.gov/MARC21/slim" xmlns:xsi="http://www.w3.org/2001/XMLSchema-instance" xsi:schemaLocation="http://www.loc.gov/MARC21/slim http://www.loc.gov/standards/marcxml/schema/MARC21slim.xsd"><leader>01717nam a2200385 c 4500</leader><controlfield tag="001">991000780819705502</controlfield><controlfield tag="005">20211014201849.0</controlfield><controlfield tag="008">000809s1982    sz ||||| |||| 10| ||eng d</controlfield><datafield ind1=" " ind2=" " tag="020"><subfield code="a">3805536364</subfield></datafield><datafield ind1=" " ind2=" " tag="035"><subfield code="a">(swissbib)07917552X-41slsp_network</subfield></datafield><datafield ind1=" " ind2=" " tag="035"><subfield code="a">07917552X</subfield><subfield code="9">ExL</subfield></datafield><datafield ind1=" " ind2=" " tag="035"><subfield code="a">(RERO)0462418-41slsp</subfield></datafield><datafield ind1=" " ind2=" " tag="035"><subfield code="a">(EXLNZ-41SLSP_NETWORK)991011836659705501</subfield></datafield><datafield ind1=" " ind2=" " tag="040"><subfield code="a">RERO</subfield><subfield code="d">CH-ZuSLS</subfield></datafield><datafield ind1="0" ind2=" " tag="041"><subfield code="a">eng</subfield><subfield code="a">fre</subfield></datafield><datafield ind1=" " ind2="7" tag="072"><subfield code="a">me</subfield><subfield code="2">rero</subfield></datafield><datafield ind1="0" ind2="0" tag="245"><subfield code="a">XVIIth International Congress on Herpes Virus of Man and Animal</subfield><subfield code="b">standardization of immunological procedures : proceedings of a symposium organized by the International Association of Biological Standardization and held at... Lyon, France, December 7-9, 1981 ; [acting ed. M. Bonneau, W. Hennessen]</subfield></datafield><datafield ind1="1" ind2=" " tag="246"><subfield code="a">Herpes virus of man and animal</subfield></datafield><datafield ind1=" " ind2="1" tag="264"><subfield code="a">Basel</subfield><subfield code="a">München [etc.]</subfield><subfield code="b">S. Karger</subfield><subfield code="c">1982</subfield></datafield><datafield ind1=" " ind2=" " tag="300"><subfield code="a">X, 571 p.</subfield><subfield code="b">ill.</subfield><subfield code="c">24 cm</subfield></datafield><datafield ind1=" " ind2=" " tag="336"><subfield code="b">txt</subfield><subfield code="2">rdacontent</subfield></datafield><datafield ind1=" " ind2=" " tag="337"><subfield code="b">n</subfield><subfield code="2">rdamedia</subfield></datafield><datafield ind1=" " ind2=" " tag="338"><subfield code="b">nc</subfield><subfield code="2">rdacarrier</subfield></datafield><datafield ind1="1" ind2=" " tag="490"><subfield code="a">Developments in biological standardization</subfield><subfield code="v">vol. 52</subfield></datafield><datafield ind1=" " ind2=" " tag="500"><subfield code="a">Le dos et la couv. portent : Herpes virus of man and animal : standardization of immunological procedures</subfield></datafield><datafield ind1=" " ind2=" " tag="500"><subfield code="a">Congrès de médecine. Lyon. 1981</subfield></datafield><datafield ind1=" " ind2="2" tag="650"><subfield code="a">Herpesviridae</subfield></datafield><datafield ind1=" " ind2="2" tag="650"><subfield code="a">Herpesvirus Infections</subfield><subfield code="x">prevention &amp; control</subfield></datafield><datafield ind1=" " ind2="2" tag="650"><subfield code="a">Viral Vaccines</subfield><subfield code="x">standards</subfield></datafield><datafield ind1=" " ind2="2" tag="650"><subfield code="a">Herpesvirus Infections</subfield></datafield><datafield ind1=" " ind2="2" tag="655"><subfield code="a">Congress</subfield></datafield><datafield ind1="1" ind2=" " tag="700"><subfield code="a">Bonneau, Marc</subfield><subfield code="0">(IDREF)030562511</subfield></datafield><datafield ind1="2" ind2=" " tag="710"><subfield code="a">International Alliance for Biological Standardization</subfield><subfield code="0">(IDREF)026468050</subfield></datafield><datafield ind1="2" ind2=" " tag="711"><subfield code="a">International Congress on Herpes Virus of Man and Animal</subfield><subfield code="n">17</subfield><subfield code="d">1981</subfield><subfield code="c">Lyon</subfield><subfield code="0">(RERO)A003406734</subfield></datafield><datafield ind1=" " ind2="0" tag="830"><subfield code="a">Developments in biological standardization</subfield><subfield code="v">52</subfield><subfield code="w">(RERO)0447518-41slsp</subfield></datafield><datafield ind1=" " ind2=" " tag="900"><subfield code="a">REROnoselfmerge</subfield></datafield></record>
</metadata></record>