<record><header><identifier>oai:alma.41SLSP_UGE:991000780829705502</identifier><datestamp>2023-03-01T01:10:15Z</datestamp><setSpec>uge_bcen_RapidILL_BOOK</setSpec><setSpec>uge_aaca_RapidILL_BOOK</setSpec><setSpec>uge_abels_RapidILL_BOOK</setSpec><setSpec>uge_dbu_RapidILL_BOOK</setSpec><setSpec>uge_cmu_RapidILL_BOOK</setSpec><setSpec>uge_mail_RapidILL_BOOK</setSpec><setSpec>UNIGE_ALL</setSpec><setSpec>uge_abbat_RapidILL_BOOK</setSpec><setSpec>uge_aobs_RapidILL_BOOK</setSpec><setSpec>uge_acar_RapidILL_BOOK</setSpec></header><metadata>
<record xmlns="http://www.loc.gov/MARC21/slim" xmlns:xsi="http://www.w3.org/2001/XMLSchema-instance" xsi:schemaLocation="http://www.loc.gov/MARC21/slim http://www.loc.gov/standards/marcxml/schema/MARC21slim.xsd"><leader>00834nam a22002652c 4500</leader><controlfield tag="001">991000780829705502</controlfield><controlfield tag="005">20201227163204.0</controlfield><controlfield tag="008">170321s1943    ag ||||| |||| 00| ||spa d</controlfield><datafield ind1=" " ind2=" " tag="035"><subfield code="a">(swissbib)12372032X-41slsp_network</subfield></datafield><datafield ind1=" " ind2=" " tag="035"><subfield code="a">12372032X</subfield><subfield code="9">ExL</subfield></datafield><datafield ind1=" " ind2=" " tag="035"><subfield code="a">(RERO)R008618136-41slsp</subfield></datafield><datafield ind1=" " ind2=" " tag="035"><subfield code="a">(EXLNZ-41SLSP_NETWORK)991025387969705501</subfield></datafield><datafield ind1=" " ind2=" " tag="040"><subfield code="a">DLC</subfield><subfield code="d">CH-ZuSLS</subfield></datafield><datafield ind1=" " ind2="0" tag="050"><subfield code="a">F2846</subfield><subfield code="b">.R838</subfield></datafield><datafield ind1=" " ind2="7" tag="072"><subfield code="a">sp</subfield><subfield code="2">rero</subfield></datafield><datafield ind1="0" ind2="4" tag="082"><subfield code="a">923.182</subfield></datafield><datafield ind1="0" ind2="0" tag="245"><subfield code="a">&lt;&lt;La&gt;&gt; Tiranía y la libertad</subfield><subfield code="b">Juan Manuel de Rozas según 127 autores</subfield></datafield><datafield ind1=" " ind2="1" tag="264"><subfield code="a">Buenos Aires</subfield><subfield code="b">[&quot;La Vanguardia&quot;]</subfield><subfield code="c">1943</subfield></datafield><datafield ind1=" " ind2=" " tag="300"><subfield code="a">4 p. l., 11-637 p., 1 l.</subfield><subfield code="b">illus. (facsim.) plates.</subfield><subfield code="c">24 cm</subfield></datafield><datafield ind1=" " ind2=" " tag="336"><subfield code="b">txt</subfield><subfield code="2">rdacontent</subfield></datafield><datafield ind1=" " ind2=" " tag="337"><subfield code="b">n</subfield><subfield code="2">rdamedia</subfield></datafield><datafield ind1=" " ind2=" " tag="338"><subfield code="b">nc</subfield><subfield code="2">rdacarrier</subfield></datafield><datafield ind1=" " ind2=" " tag="504"><subfield code="a">Includes index.</subfield></datafield><datafield ind1="1" ind2="0" tag="600"><subfield code="a">Rosas, Juan Manuel de</subfield><subfield code="d">1793-1877</subfield></datafield><datafield ind1=" " ind2=" " tag="900"><subfield code="a">REROnoselfmerge</subfield></datafield><datafield ind1=" " ind2=" " tag="910"><subfield code="a">LOC</subfield><subfield code="b">20170321</subfield><subfield code="c">Droits réservés</subfield></datafield></record>
</metadata></record>