<record><header><identifier>oai:alma.41SLSP_UGE:991000779889705502</identifier><datestamp>2024-05-03T00:46:31Z</datestamp><setSpec>uge_bcen_RapidILL_BOOK</setSpec><setSpec>uge_aaca_RapidILL_BOOK</setSpec><setSpec>uge_abels_RapidILL_BOOK</setSpec><setSpec>uge_dbu_RapidILL_BOOK</setSpec><setSpec>uge_cmu_RapidILL_BOOK</setSpec><setSpec>uge_mail_RapidILL_BOOK</setSpec><setSpec>uge_abbat_RapidILL_BOOK</setSpec><setSpec>UNIGE_ALL</setSpec><setSpec>uge_acar_RapidILL_BOOK</setSpec><setSpec>uge_aobs_RapidILL_BOOK</setSpec></header><metadata>
<record xmlns="http://www.loc.gov/MARC21/slim" xmlns:xsi="http://www.w3.org/2001/XMLSchema-instance" xsi:schemaLocation="http://www.loc.gov/MARC21/slim http://www.loc.gov/standards/marcxml/schema/MARC21slim.xsd"><leader>03147nam a2200517 c 4500</leader><controlfield tag="001">991000779889705502</controlfield><controlfield tag="005">20230328204417.0</controlfield><controlfield tag="008">201011s2021    xxk           001 0 eng d</controlfield><datafield ind1=" " ind2=" " tag="020"><subfield code="a">9781780689920</subfield><subfield code="q">paperback</subfield></datafield><datafield ind1=" " ind2=" " tag="035"><subfield code="a">(swissbib)217109012-41slsp_network</subfield></datafield><datafield ind1=" " ind2=" " tag="035"><subfield code="a">217109012</subfield><subfield code="9">ExL</subfield></datafield><datafield ind1=" " ind2=" " tag="035"><subfield code="a">(RERO)R009039148-41slsp</subfield></datafield><datafield ind1=" " ind2=" " tag="035"><subfield code="a">(IDSBB)007209285DSV01</subfield></datafield><datafield ind1=" " ind2=" " tag="035"><subfield code="a">(OCoLC)1151887861</subfield></datafield><datafield ind1=" " ind2=" " tag="035"><subfield code="a">(EXLNZ-41SLSP_NETWORK)991011341029705501</subfield></datafield><datafield ind1=" " ind2=" " tag="040"><subfield code="a">RERO geubfd</subfield><subfield code="b">fre</subfield><subfield code="e">rda</subfield><subfield code="d">CH-ZuSLS</subfield></datafield><datafield ind1=" " ind2="4" tag="050"><subfield code="a">JC571-628</subfield></datafield><datafield ind1="0" ind2="4" tag="082"><subfield code="a">323</subfield></datafield><datafield ind1="7" ind2="4" tag="082"><subfield code="a">340</subfield><subfield code="2">23sdnb</subfield></datafield><datafield ind1=" " ind2=" " tag="084"><subfield code="a">A 66.3 g</subfield><subfield code="2">cjurrom</subfield></datafield><datafield ind1=" " ind2=" " tag="084"><subfield code="a">A 38 g</subfield><subfield code="2">cjurrom</subfield></datafield><datafield ind1=" " ind2=" " tag="084"><subfield code="a">D 18 g</subfield><subfield code="2">cjurrom</subfield></datafield><datafield ind1=" " ind2=" " tag="084"><subfield code="a">A 65 g</subfield><subfield code="2">cjurrom</subfield></datafield><datafield ind1="0" ind2="0" tag="245"><subfield code="a">Incorporating the UN Convention on the rights of the child into national law</subfield><subfield code="c">edited by Ursula Kilkelly, Laura Lundy, Bronagh Byrne</subfield></datafield><datafield ind1=" " ind2="1" tag="264"><subfield code="a">Cambridge</subfield><subfield code="a">Antwerp</subfield><subfield code="a">Chicago</subfield><subfield code="b">Intersentia</subfield><subfield code="c">[2021]</subfield></datafield><datafield ind1=" " ind2=" " tag="300"><subfield code="a">xvi, 363 pages</subfield></datafield><datafield ind1=" " ind2=" " tag="336"><subfield code="b">txt</subfield><subfield code="2">rdacontent</subfield></datafield><datafield ind1=" " ind2=" " tag="337"><subfield code="b">n</subfield><subfield code="2">rdamedia</subfield></datafield><datafield ind1=" " ind2=" " tag="338"><subfield code="b">nc</subfield><subfield code="2">rdacarrier</subfield></datafield><datafield ind1="8" ind2=" " tag="520"><subfield code="a">The United Nations Convention on the Rights of the Child (CRC) requires states parties to take all appropriate measures to implement the rights in the Convention. As we celebrate the 30th anniversary of the Convention's adoption, focus has shifted onto the measures being taken at national level to give effect to children's rights with specific reference to legal incorporation both direct and indirect. The way in which the CRC is given legal effect is highly contingent upon the constitutional and legal systems of individual countries and can best be understood by those writing from the specific national context. So this book combines individual contributions that address the experience of legal incorporation in selected countries by their national experts, with comparative analysis of the international landscape from the world's leading authorities on legal implementation of the CRC. The jurisdictions covered in this book include Australia, Scotland, Norway, Ireland, Sweden, Iceland, Wales, Israel, New Zealand, South Africa, USA, Mexico and China.</subfield></datafield><datafield ind1="0" ind2="7" tag="630"><subfield code="a">Convention on the rights of the child</subfield><subfield code="f">1989 November 20</subfield><subfield code="2">gnd</subfield><subfield code="0">(DE-588)4304417-7</subfield></datafield><datafield ind1=" " ind2="7" tag="650"><subfield code="a">Transformation</subfield><subfield code="2">gnd</subfield><subfield code="0">(DE-588)4451062-7</subfield></datafield><datafield ind1=" " ind2="7" tag="650"><subfield code="a">Innerstaatliches Recht</subfield><subfield code="2">gnd</subfield><subfield code="0">(DE-588)4161814-2</subfield></datafield><datafield ind1=" " ind2="7" tag="650"><subfield code="a">Rechtsvergleich</subfield><subfield code="2">gnd</subfield><subfield code="0">(DE-588)4115712-6</subfield></datafield><datafield ind1=" " ind2="7" tag="650"><subfield code="a">Enfants</subfield><subfield code="0">(IDREF)027233278</subfield><subfield code="2">idref</subfield></datafield><datafield ind1=" " ind2="7" tag="650"><subfield code="a">Droit international et droit interne</subfield><subfield code="0">(IDREF)02774163X</subfield><subfield code="2">idref</subfield></datafield><datafield ind1="0" ind2="7" tag="600"><subfield code="a">Nations Unies</subfield><subfield code="t">Convention relative aux droits de l'enfant (1989)</subfield><subfield code="0">(IDREF)16825378X</subfield><subfield code="2">idref</subfield></datafield><datafield ind1=" " ind2="7" tag="650"><subfield code="a">Droit comparé</subfield><subfield code="0">(IDREF)027741451</subfield><subfield code="2">idref</subfield></datafield><datafield ind1=" " ind2="7" tag="655"><subfield code="a">[Études diverses]</subfield><subfield code="0">(RERO)A022249905</subfield><subfield code="2">rero</subfield></datafield><datafield ind1=" " ind2="7" tag="650"><subfield code="a">Droit international</subfield><subfield code="0">(IDREF)050627597</subfield><subfield code="2">idref</subfield></datafield><datafield ind1=" " ind2="7" tag="650"><subfield code="a">Droit</subfield><subfield code="0">(IDREF)027466868</subfield><subfield code="2">idref</subfield></datafield><datafield ind1="1" ind2=" " tag="700"><subfield code="6">880-01</subfield><subfield code="a">Kilkelly, Ursula</subfield><subfield code="d">19..-....</subfield><subfield code="0">(IDREF)056609183</subfield><subfield code="4">edt</subfield></datafield><datafield ind1="1" ind2=" " tag="880"><subfield code="a">Kilkelly, Ursula</subfield><subfield code="d">1969-</subfield><subfield code="6">700-01/(B</subfield><subfield code="4">edt</subfield><subfield code="0">(DE-588)1186660120</subfield></datafield><datafield ind1="1" ind2=" " tag="700"><subfield code="a">Lundy, Laura</subfield><subfield code="d">19..-....</subfield><subfield code="0">(IDREF)257002871</subfield><subfield code="4">edt</subfield></datafield><datafield ind1="1" ind2=" " tag="700"><subfield code="a">Byrne, Bronagh</subfield><subfield code="d">19..-....</subfield><subfield code="0">(IDREF)257002243</subfield><subfield code="4">edt</subfield></datafield><datafield ind1=" " ind2=" " tag="900"><subfield code="a">Stoppsignal FRED</subfield><subfield code="x">UBS/A208/202108</subfield></datafield><datafield ind1=" " ind2=" " tag="903"><subfield code="a">RERO-SIGN</subfield><subfield code="5">UNIGE/20210726/acp</subfield></datafield></record>
</metadata></record>