<record><header><identifier>oai:alma.41SLSP_UGE:991000780399705502</identifier><datestamp>2023-03-01T01:10:15Z</datestamp><setSpec>uge_bcen_RapidILL_BOOK</setSpec><setSpec>uge_aaca_RapidILL_BOOK</setSpec><setSpec>uge_abels_RapidILL_BOOK</setSpec><setSpec>uge_dbu_RapidILL_BOOK</setSpec><setSpec>uge_cmu_RapidILL_BOOK</setSpec><setSpec>uge_mail_RapidILL_BOOK</setSpec><setSpec>UNIGE_ALL</setSpec><setSpec>uge_abbat_RapidILL_BOOK</setSpec><setSpec>uge_aobs_RapidILL_BOOK</setSpec><setSpec>uge_acar_RapidILL_BOOK</setSpec></header><metadata>
<record xmlns="http://www.loc.gov/MARC21/slim" xmlns:xsi="http://www.w3.org/2001/XMLSchema-instance" xsi:schemaLocation="http://www.loc.gov/MARC21/slim http://www.loc.gov/standards/marcxml/schema/MARC21slim.xsd"><leader>01166naa a2200277 c 4500</leader><controlfield tag="001">991000780399705502</controlfield><controlfield tag="005">20211114201251.0</controlfield><controlfield tag="008">000806s1998    gw ||||| |||| 00| ||eng d</controlfield><datafield ind1=" " ind2=" " tag="035"><subfield code="a">(swissbib)092976859-41slsp_network</subfield></datafield><datafield ind1=" " ind2=" " tag="035"><subfield code="a">092976859</subfield><subfield code="9">ExL</subfield></datafield><datafield ind1=" " ind2=" " tag="035"><subfield code="a">(RERO)R225997560-41slsp</subfield></datafield><datafield ind1=" " ind2=" " tag="035"><subfield code="a">(EXLNZ-41SLSP_NETWORK)991143629799705501</subfield></datafield><datafield ind1=" " ind2=" " tag="040"><subfield code="a">RERO geussc</subfield><subfield code="d">CH-ZuSLS</subfield></datafield><datafield ind1=" " ind2="7" tag="072"><subfield code="a">ch</subfield><subfield code="2">rero</subfield></datafield><datafield ind1="0" ind2="0" tag="245"><subfield code="a">1,2-disubstituted [([êta]⁶-arene)Cr(CO)₃] complexes by sequential nucleophilic addition/endo-hydride abstraction</subfield><subfield code="c">Angelika Fretzen... [et al.]</subfield></datafield><datafield ind1=" " ind2=" " tag="336"><subfield code="b">txt</subfield><subfield code="2">rdacontent</subfield></datafield><datafield ind1=" " ind2=" " tag="337"><subfield code="b">n</subfield><subfield code="2">rdamedia</subfield></datafield><datafield ind1=" " ind2=" " tag="338"><subfield code="b">nc</subfield><subfield code="2">rdacarrier</subfield></datafield><datafield ind1=" " ind2=" " tag="508"><subfield code="a">Autres auteurs: Alberto Ripa, Ronggang Liu, Gérald Bernardinelli et E. Peter Kündig</subfield></datafield><datafield ind1=" " ind2=" " tag="580"><subfield code="a">In: Chemistry : a European journal. - Weinheim. - Vol. 4(1998), no. 2, p. 251-259</subfield></datafield><datafield ind1="1" ind2=" " tag="700"><subfield code="a">Fretzen, Angelika</subfield><subfield code="0">(RERO)A003263075</subfield></datafield><datafield ind1="1" ind2=" " tag="700"><subfield code="a">Ripa, Alberto</subfield><subfield code="0">(RERO)A003748239</subfield></datafield><datafield ind1="1" ind2=" " tag="700"><subfield code="a">Liu, Ronggang</subfield><subfield code="0">(RERO)A003525884</subfield></datafield><datafield ind1="1" ind2=" " tag="700"><subfield code="a">Bernardinelli, Gérald</subfield><subfield code="0">(IDREF)256929963</subfield></datafield><datafield ind1="1" ind2=" " tag="700"><subfield code="a">Kündig, E. Peter</subfield><subfield code="0">(IDREF)07943178X</subfield></datafield><datafield ind1="0" ind2=" " tag="773"><subfield code="t">Chemistry : a european journal</subfield><subfield code="g">4/251</subfield><subfield code="w">(RERO)2157321-41slsp</subfield></datafield><datafield ind1=" " ind2=" " tag="900"><subfield code="a">REROnoselfmerge</subfield></datafield></record>
</metadata></record>