<record><header><identifier>oai:alma.41SLSP_UGE:991000780499705502</identifier><datestamp>2023-03-01T01:10:15Z</datestamp><setSpec>uge_bcen_RapidILL_BOOK</setSpec><setSpec>uge_aaca_RapidILL_BOOK</setSpec><setSpec>uge_abels_RapidILL_BOOK</setSpec><setSpec>uge_dbu_RapidILL_BOOK</setSpec><setSpec>uge_cmu_RapidILL_BOOK</setSpec><setSpec>uge_mail_RapidILL_BOOK</setSpec><setSpec>UNIGE_ALL</setSpec><setSpec>uge_abbat_RapidILL_BOOK</setSpec><setSpec>uge_aobs_RapidILL_BOOK</setSpec><setSpec>uge_acar_RapidILL_BOOK</setSpec></header><metadata>
<record xmlns="http://www.loc.gov/MARC21/slim" xmlns:xsi="http://www.w3.org/2001/XMLSchema-instance" xsi:schemaLocation="http://www.loc.gov/MARC21/slim http://www.loc.gov/standards/marcxml/schema/MARC21slim.xsd"><leader>01763nam a2200481 c 4500</leader><controlfield tag="001">991000780499705502</controlfield><controlfield tag="005">20201230223420.0</controlfield><controlfield tag="008">201011s1997    gw ||||| |||| 00| ||spa d</controlfield><datafield ind1=" " ind2=" " tag="020"><subfield code="a">3930700956</subfield></datafield><datafield ind1=" " ind2=" " tag="035"><subfield code="a">(swissbib)224842609-41slsp_network</subfield></datafield><datafield ind1=" " ind2=" " tag="035"><subfield code="a">224842609</subfield><subfield code="9">ExL</subfield></datafield><datafield ind1=" " ind2=" " tag="035"><subfield code="a">(RERO)R003662734-41slsp</subfield></datafield><datafield ind1=" " ind2=" " tag="035"><subfield code="a">(NEBIS)001798111EBI01</subfield></datafield><datafield ind1=" " ind2=" " tag="035"><subfield code="a">(IDSBB)001433678DSV01</subfield></datafield><datafield ind1=" " ind2=" " tag="035"><subfield code="a">(EXLNZ-41SLSP_NETWORK)991139832709705501</subfield></datafield><datafield ind1=" " ind2=" " tag="040"><subfield code="a">RERO geules</subfield><subfield code="d">CH-ZuSLS</subfield></datafield><datafield ind1="0" ind2=" " tag="041"><subfield code="a">ita</subfield><subfield code="a">spa</subfield></datafield><datafield ind1=" " ind2="7" tag="072"><subfield code="a">es</subfield><subfield code="2">rero</subfield></datafield><datafield ind1=" " ind2="7" tag="072"><subfield code="a">ir</subfield><subfield code="2">SzZuIDS BS/BE</subfield></datafield><datafield ind1="1" ind2="4" tag="082"><subfield code="a">862.3</subfield><subfield code="2">22</subfield></datafield><datafield ind1=" " ind2=" " tag="084"><subfield code="a">IO 2782</subfield><subfield code="2">rvk</subfield></datafield><datafield ind1=" " ind2=" " tag="084"><subfield code="a">IO 6642</subfield><subfield code="2">rvk</subfield></datafield><datafield ind1="1" ind2=" " tag="100"><subfield code="a">Vega, Lope de</subfield><subfield code="d">1562-1635</subfield><subfield code="0">(IDREF)027179206</subfield><subfield code="4">cre</subfield></datafield><datafield ind1="1" ind2="0" tag="245"><subfield code="a">&lt;&lt;La&gt;&gt; pastoral de Jacinto</subfield><subfield code="c">Lope de Vega ; ed. critica e note di Paola Ambrosi</subfield></datafield><datafield ind1=" " ind2="1" tag="264"><subfield code="a">Kassel</subfield><subfield code="b">Reichenberger</subfield><subfield code="c">1997</subfield></datafield><datafield ind1=" " ind2=" " tag="300"><subfield code="a">195 p.</subfield><subfield code="c">24 cm</subfield></datafield><datafield ind1=" " ind2=" " tag="336"><subfield code="b">txt</subfield><subfield code="2">rdacontent</subfield></datafield><datafield ind1=" " ind2=" " tag="337"><subfield code="b">n</subfield><subfield code="2">rdamedia</subfield></datafield><datafield ind1=" " ind2=" " tag="338"><subfield code="b">nc</subfield><subfield code="2">rdacarrier</subfield></datafield><datafield ind1="1" ind2=" " tag="490"><subfield code="a">Teatro del siglo de oro. Ediciones críticas</subfield><subfield code="v">73</subfield></datafield><datafield ind1=" " ind2=" " tag="500"><subfield code="a">Text span., Einl. und Erklärungen ital.</subfield></datafield><datafield ind1="1" ind2="7" tag="600"><subfield code="a">Vega, Lope &lt;&lt;de&gt;&gt;</subfield><subfield code="d">1562-1635</subfield><subfield code="0">(DE-588)118626353</subfield><subfield code="2">gnd</subfield></datafield><datafield ind1="1" ind2="7" tag="600"><subfield code="a">Vega, Lope &lt;&lt;de&gt;&gt;</subfield><subfield code="d">1562-1635</subfield><subfield code="t">Pastoral de Jacinto</subfield><subfield code="0">(DE-588)4515192-1</subfield><subfield code="2">gnd</subfield></datafield><datafield ind1="1" ind2="0" tag="600"><subfield code="a">Lope de Vega, Félix</subfield><subfield code="d">1562-1635</subfield><subfield code="x">Criticism and interpretation</subfield></datafield><datafield ind1=" " ind2="7" tag="650"><subfield code="a">Komödie</subfield><subfield code="2">idszbz</subfield></datafield><datafield ind1=" " ind2="7" tag="650"><subfield code="a">Spanisch</subfield><subfield code="2">idszbz</subfield></datafield><datafield ind1=" " ind2="7" tag="650"><subfield code="a">Spanisch</subfield><subfield code="0">(DE-588)4077640-2</subfield><subfield code="2">gnd</subfield></datafield><datafield ind1=" " ind2="0" tag="650"><subfield code="a">Spanish poetry</subfield><subfield code="y">Classical period, 1500-1700</subfield></datafield><datafield ind1=" " ind2="7" tag="655"><subfield code="a">Theaterstück</subfield><subfield code="2">gnd-content</subfield></datafield><datafield ind1=" " ind2="7" tag="655"><subfield code="a">Ausgabe</subfield><subfield code="2">idszbz</subfield></datafield><datafield ind1="1" ind2=" " tag="700"><subfield code="a">Vega, Lope &lt;&lt;de&gt;&gt;</subfield><subfield code="d">1562-1635</subfield><subfield code="0">(DE-588)118626353</subfield></datafield><datafield ind1="1" ind2=" " tag="700"><subfield code="a">Ambrosi, Paola</subfield><subfield code="d">19..-....</subfield><subfield code="0">(IDREF)085795046</subfield></datafield><datafield ind1=" " ind2=" " tag="830"><subfield code="a">Teatro del siglo de oro</subfield><subfield code="p">Ediciones críticas</subfield><subfield code="v">73</subfield><subfield code="w">(NEBIS)000990032EBI01</subfield></datafield><datafield ind1=" " ind2=" " tag="900"><subfield code="a">REROnoselfmerge</subfield></datafield><datafield ind1=" " ind2=" " tag="993"><subfield code="a">BFLA 32536/73</subfield><subfield code="x">ge/ules/a/01/439</subfield><subfield code="9">LOCAL</subfield></datafield></record>
</metadata></record>