<record><header><identifier>oai:alma.41SLSP_UGE:991000780639705502</identifier><datestamp>2023-03-01T01:10:15Z</datestamp><setSpec>uge_bcen_RapidILL_BOOK</setSpec><setSpec>uge_aaca_RapidILL_BOOK</setSpec><setSpec>uge_abels_RapidILL_BOOK</setSpec><setSpec>uge_dbu_RapidILL_BOOK</setSpec><setSpec>uge_cmu_RapidILL_BOOK</setSpec><setSpec>uge_mail_RapidILL_BOOK</setSpec><setSpec>UNIGE_ALL</setSpec><setSpec>uge_abbat_RapidILL_BOOK</setSpec><setSpec>uge_aobs_RapidILL_BOOK</setSpec><setSpec>uge_acar_RapidILL_BOOK</setSpec></header><metadata>
<record xmlns="http://www.loc.gov/MARC21/slim" xmlns:xsi="http://www.w3.org/2001/XMLSchema-instance" xsi:schemaLocation="http://www.loc.gov/MARC21/slim http://www.loc.gov/standards/marcxml/schema/MARC21slim.xsd"><leader>02244nam a2200361 c 4500</leader><controlfield tag="001">991000780639705502</controlfield><controlfield tag="005">20201227171007.0</controlfield><controlfield tag="008">180213s2016    mau||||| |||| 00| ||eng d</controlfield><datafield ind1=" " ind2=" " tag="020"><subfield code="a">9780674659865</subfield><subfield code="q">alk. paper</subfield></datafield><datafield ind1="7" ind2=" " tag="024"><subfield code="a">http://catalogue.bnf.fr/ark:/12148/cb45476379v</subfield><subfield code="2">uri</subfield></datafield><datafield ind1=" " ind2=" " tag="035"><subfield code="a">(swissbib)124559476-41slsp_network</subfield></datafield><datafield ind1=" " ind2=" " tag="035"><subfield code="a">124559476</subfield><subfield code="9">ExL</subfield></datafield><datafield ind1=" " ind2=" " tag="035"><subfield code="a">(RERO)R008764457-41slsp</subfield></datafield><datafield ind1=" " ind2=" " tag="035"><subfield code="a">(EXLNZ-41SLSP_NETWORK)991108008649705501</subfield></datafield><datafield ind1=" " ind2=" " tag="040"><subfield code="a">MH/DLC</subfield><subfield code="b">eng</subfield><subfield code="e">rda</subfield><subfield code="d">CH-ZuSLS</subfield></datafield><datafield ind1=" " ind2="0" tag="050"><subfield code="a">DS922.35</subfield><subfield code="b">.E25 2016</subfield></datafield><datafield ind1=" " ind2="7" tag="072"><subfield code="a">or</subfield><subfield code="2">rero</subfield></datafield><datafield ind1="0" ind2="0" tag="082"><subfield code="a">951.95/03092</subfield><subfield code="2">23</subfield></datafield><datafield ind1="1" ind2=" " tag="100"><subfield code="a">Eckert, Carter J.</subfield><subfield code="0">(IDREF)031383343</subfield><subfield code="4">cre</subfield></datafield><datafield ind1="1" ind2="0" tag="245"><subfield code="a">Park Chung Hee and modern Korea</subfield><subfield code="b">the roots of militarism 1866-1945</subfield><subfield code="c">Carter J. Eckert</subfield></datafield><datafield ind1=" " ind2="1" tag="264"><subfield code="a">Cambridge, Massachusetts</subfield><subfield code="a">London, England</subfield><subfield code="b">The Belknap Press of Harvard University Press</subfield><subfield code="c">[2016]</subfield></datafield><datafield ind1=" " ind2=" " tag="300"><subfield code="a">xii, 472 pages, 20 unnumbered pages of plates</subfield><subfield code="b">illustrations, maps</subfield><subfield code="c">25 cm</subfield></datafield><datafield ind1=" " ind2=" " tag="336"><subfield code="b">txt</subfield><subfield code="2">rdacontent</subfield></datafield><datafield ind1=" " ind2=" " tag="337"><subfield code="b">n</subfield><subfield code="2">rdamedia</subfield></datafield><datafield ind1=" " ind2=" " tag="338"><subfield code="b">nc</subfield><subfield code="2">rdacarrier</subfield></datafield><datafield ind1=" " ind2=" " tag="504"><subfield code="a">Includes bibliographical references (pages 433-458) and index</subfield></datafield><datafield ind1="0" ind2=" " tag="505"><subfield code="a">Part 1. Contexts -- Militarizing time: waves of war -- Militarizing minds: new ideas of army and nation -- Militarizing places and persons: academies and cadets -- Part 2. Academy culture and practice -- Politics and status: special favor -- Politics and power: a singular duty -- State and society: revolution, reform, control -- Tactics and spirit: certain victory -- Order and discipline: joyful submission</subfield></datafield><datafield ind1="8" ind2=" " tag="520"><subfield code="a">For South Koreans, the twenty years from the early 1960s to late 1970s were the best and worst of times--a period of unprecedented economic growth and of political oppression that deepened as prosperity spread. In this masterly account, Carter J. Eckert finds the roots of South Korea's dramatic socioeconomic transformation in the country's long history of militarization--a history personified in South Korea's paramount leader, Park Chung Hee.--</subfield><subfield code="c">Provided by publisher</subfield></datafield><datafield ind1="1" ind2="0" tag="600"><subfield code="a">Park, Chung Hee</subfield><subfield code="d">1917-1979</subfield></datafield><datafield ind1=" " ind2="0" tag="650"><subfield code="a">Militarization</subfield><subfield code="z">Korea (South)</subfield><subfield code="x">History</subfield></datafield><datafield ind1=" " ind2="0" tag="651"><subfield code="a">Korea (South)</subfield><subfield code="x">History</subfield><subfield code="y">1960-1988</subfield></datafield><datafield ind1=" " ind2="0" tag="651"><subfield code="a">Korea (South)</subfield><subfield code="x">Politics and government</subfield><subfield code="y">1960-1988</subfield></datafield><datafield ind1=" " ind2=" " tag="900"><subfield code="a">REROnoselfmerge</subfield></datafield><datafield ind1=" " ind2=" " tag="910"><subfield code="a">LOC</subfield><subfield code="b">20180213</subfield><subfield code="c">Droits réservés</subfield></datafield></record>
</metadata></record>