<record><header><identifier>oai:alma.41SLSP_UGE:991000780849705502</identifier><datestamp>2023-12-09T02:16:16Z</datestamp><setSpec>uge_bcen_RapidILL_BOOK</setSpec><setSpec>uge_aaca_RapidILL_BOOK</setSpec><setSpec>uge_abels_RapidILL_BOOK</setSpec><setSpec>uge_dbu_RapidILL_BOOK</setSpec><setSpec>uge_cmu_RapidILL_BOOK</setSpec><setSpec>uge_mail_RapidILL_BOOK</setSpec><setSpec>uge_abbat_RapidILL_BOOK</setSpec><setSpec>UNIGE_ALL</setSpec><setSpec>uge_aobs_RapidILL_BOOK</setSpec><setSpec>uge_acar_RapidILL_BOOK</setSpec></header><metadata>
<record xmlns="http://www.loc.gov/MARC21/slim" xmlns:xsi="http://www.w3.org/2001/XMLSchema-instance" xsi:schemaLocation="http://www.loc.gov/MARC21/slim http://www.loc.gov/standards/marcxml/schema/MARC21slim.xsd"><leader>02019naa a2200409 c 4500</leader><controlfield tag="001">991000780849705502</controlfield><controlfield tag="005">20230630215352.0</controlfield><controlfield tag="008">201011s1993    sz     |      00| ||ger|d</controlfield><datafield ind1=" " ind2=" " tag="035"><subfield code="a">(swissbib)229557147-41slsp_network</subfield></datafield><datafield ind1=" " ind2=" " tag="035"><subfield code="a">229557147</subfield><subfield code="9">ExL</subfield></datafield><datafield ind1=" " ind2=" " tag="035"><subfield code="a">(NEBIS)001361040EBI01</subfield></datafield><datafield ind1=" " ind2=" " tag="035"><subfield code="a">(RERO)1780001-41slsp</subfield></datafield><datafield ind1=" " ind2=" " tag="035"><subfield code="a">(SBT)000018030SBT01</subfield></datafield><datafield ind1=" " ind2=" " tag="035"><subfield code="a">(ALEX)bv01057947</subfield></datafield><datafield ind1=" " ind2=" " tag="035"><subfield code="a">(EXLNZ-41SLSP_NETWORK)991089771769705501</subfield></datafield><datafield ind1=" " ind2=" " tag="040"><subfield code="a">UNI-IVR</subfield><subfield code="b">ger</subfield><subfield code="e">ETHICS-ISBD</subfield><subfield code="d">CH-ZuSLS</subfield></datafield><datafield ind1=" " ind2=" " tag="044"><subfield code="a">sz</subfield><subfield code="c">ch-fr</subfield></datafield><datafield ind1=" " ind2="7" tag="072"><subfield code="a">dr</subfield><subfield code="2">rero</subfield></datafield><datafield ind1=" " ind2=" " tag="084"><subfield code="a">CA/CH 34 i</subfield><subfield code="2">cjurrom</subfield></datafield><datafield ind1=" " ind2=" " tag="084"><subfield code="a">CA/CH 32 i</subfield><subfield code="2">cjurrom</subfield></datafield><datafield ind1="1" ind2=" " tag="100"><subfield code="6">880-01</subfield><subfield code="a">Fleiner, Thomas</subfield><subfield code="d">1938-....</subfield><subfield code="0">(IDREF)05246850X</subfield><subfield code="4">cre</subfield></datafield><datafield ind1="1" ind2=" " tag="880"><subfield code="a">Fleiner, Thomas</subfield><subfield code="d">1938-2023</subfield><subfield code="0">(DE-588)122117727</subfield><subfield code="6">100-01</subfield></datafield><datafield ind1="1" ind2=" " tag="880"><subfield code="6">100-01</subfield><subfield code="a">Fleiner, Thomas</subfield><subfield code="0">(SBT11)000003191</subfield></datafield><datafield ind1="1" ind2="0" tag="245"><subfield code="a">Sind die politischen Institutionen der Schweiz europafähig?</subfield><subfield code="c">Thomas Fleiner-Gerster</subfield></datafield><datafield ind1=" " ind2="1" tag="264"><subfield code="a">Fribourg, Suisse</subfield><subfield code="b">Editions Universitaires</subfield><subfield code="c">1993</subfield></datafield><datafield ind1=" " ind2=" " tag="336"><subfield code="b">txt</subfield><subfield code="2">rdacontent</subfield></datafield><datafield ind1=" " ind2=" " tag="337"><subfield code="b">n</subfield><subfield code="2">rdamedia</subfield></datafield><datafield ind1=" " ind2=" " tag="338"><subfield code="b">nc</subfield><subfield code="2">rdacarrier</subfield></datafield><datafield ind1=" " ind2=" " tag="580"><subfield code="a">In: Beiträge zum europäischen Recht. - Freiburg : Universitätsverlag, 1993. - S. 1-19</subfield></datafield><datafield ind1=" " ind2=" " tag="580"><subfield code="a">In: Beiträge zum europäischen Recht. - Freiburg : Universitätsverlag, 1993. - P. 1-19</subfield></datafield><datafield ind1="2" ind2="7" tag="610"><subfield code="a">Communautés européennes</subfield><subfield code="0">(IDREF)026372274</subfield><subfield code="2">idref</subfield></datafield><datafield ind1=" " ind2="7" tag="650"><subfield code="a">EU</subfield><subfield code="9">ger</subfield><subfield code="0">(RERO)jurivoc000007616ger</subfield><subfield code="2">jurivoc</subfield></datafield><datafield ind1=" " ind2="7" tag="650"><subfield code="a">Institutions politiques</subfield><subfield code="0">(IDREF)027994775</subfield><subfield code="2">idref</subfield></datafield><datafield ind1=" " ind2="7" tag="651"><subfield code="a">Schweiz</subfield><subfield code="9">ger</subfield><subfield code="0">(RERO)jurivoc000019912ger</subfield><subfield code="2">jurivoc</subfield></datafield><datafield ind1=" " ind2="7" tag="651"><subfield code="a">Suisse</subfield><subfield code="0">(IDREF)027249654</subfield><subfield code="2">idref</subfield></datafield><datafield ind1=" " ind2="7" tag="651"><subfield code="a">Europe</subfield><subfield code="x">Unité</subfield><subfield code="0">(IDREF)027495892</subfield><subfield code="2">idref</subfield></datafield><datafield ind1=" " ind2=" " tag="690"><subfield code="a">EU: CH</subfield><subfield code="2">uzb-Z6</subfield></datafield><datafield ind1=" " ind2=" " tag="690"><subfield code="a">CH: EU</subfield><subfield code="2">uzb-Z6</subfield></datafield><datafield ind1="0" ind2=" " tag="773"><subfield code="t">Aspects du droit européen : hommage offert à la Société suisse des juristes à l'occasion de son assemblée générale 1993 par la Faculté de droit de l'Université de Fribourg = Beiträge zum europäischen Recht : Festgabe gewidmet dem Schweizerischen Juristenverein anlässlich des Juristentages 1993 durch die rechtswissenschaftliche Fakultät der Universität Freiburg</subfield><subfield code="g">S. 1-19</subfield><subfield code="w">(RERO)1766673-41slsp</subfield></datafield></record>
</metadata></record><resumptionToken>1900-01-01@all@UNIGE_ALL@marc21@5986573360005502</resumptionToken></ListRecords></OAI-PMH>